2566 4016
879 233 1032 290 cAP.
1076 242 1283 290 11—13
1324 242 1354 302 g
1392 243 1603 292 35-42
2136 240 2258 303 111

236 375 550 460 Dicenda,
597 377 1117 464 demonstranda,
1166 380 1547 466 explicanda
1584 385 1736 445 sunt
1783 382 2018 464 omnia,
2066 404 2264 447 causa

236 486 372 529 non
418 465 632 530 solum
679 468 1082 550 exponenda,
1136 469 1248 533 sed
1296 469 1494 534 etiam
1541 469 1830 555 graviter
1875 470 2259 554 copioseque

237 552 491 637 agenda
540 556 671 637 est3
724 555 1183 639 perficiendum
1230 561 1359 641 est,
1414 557 1467 621 si
1517 557 1672 641 quid
1717 578 1909 644 agere
1958 561 2072 622 aut
2114 580 2260 642 pro·

236 641 427 706 ficere
481 641 582 705 vis
591 692 610 725 ,
663 646 739 706 ut
792 643 1114 709 homines
1143 647 1212 708 te
1254 666 1390 710 non
1436 646 1647 710 solum
1693 647 1984 730 audiant,
2033 667 2261 711 verum

100 724 123 742 ⁹
182 755 208 795 5
238 729 437 793 etiam
498 729 783 795 libenter
843 731 1257 816 studioseque
1321 734 1606 798 audiant.
1713 733 1793 819 In
1864 756 1991 818 quo
2064 734 2122 798 si
2167 737 2258 808 ‚te

235 817 519 909 multum
572 822 810 884 natura
863 820 1223 904 adiuvaret,
1278 821 1334 885 si
1397 822 1664 907 optimis
1710 845 1752 887 a
1794 822 2077 907 pueritia
2130 821 2259 887 dis-

236 905 495 990 ciplinis
542 909 740 991 atque
784 908 1036 973 artibus
1084 909 1443 975 studuisses
1490 913 1556 975 et
1590 910 1661 974 in
1695 910 1799 974 his
1837 911 2259 995 elaborasseS,

237 993 294 1057 si
359 993 617 1059 litteras
682 993 962 1062 Graecas
1023 996 1330 1081 Athenis,
1403 1019 1535 1063 non
1596 997 1917 1082 Lilybaei,
1988 997 2256 1063 Latinas

236 1081 505 1166 Romae,
550 1104 684 1148 non
709 1084 781 1148 in
807 1082 1029 1149 Sicilia
1068 1085 1418 1170 didicisseS,
1460 1090 1686 1152 tamen
1729 1089 1903 1151 esset
1947 1107 2257 1172 magnum

155 1195 209 1236 ιο
235 1174 493 1235 tantam
531 1192 812 1255 causam,
849 1175 1002 1237 tam·
1026 1177 1432 1257 expectatam
1475 1178 1540 1238 et
1577 1174 1918 1260 diligentia
1953 1174 2257 1257 consequi

236 1261 303 1322 et
350 1258 664 1324 memoria
708 1261 1053 1344 complecti
1098 1264 1165 1325 et
1210 1261 1508 1326 oratione
1555 1283 1926 1346 expromere
1981 1265 2050 1325 et
2101 1282 2256 1326 voce

234 1368 312 1412 ac
356 1347 605 1412 viribus
652 1349 987 1413 sustinere.

368 1433 677 1500 Fortasse
712 1435 909 1502 dices:
948 1435 1140 1512 ‘Quid
1169 1438 1372 1523 ergo?
1408 1437 1567 1502 haec
1595 1437 1664 1501 in
1690 1441 1757 1502 te
1787 1441 1938 1502 sunt
1968 1436 2255 1503 omnia‘?’

232 1521 507 1588 Utinam
553 1523 810 1608 quidem
857 1527 1100 1590 essent!
1146 1546 1373 1590 verum
1419 1529 1639 1590 tamen
1683 1530 1759 1591 ut
1795 1547 1935 1591 esse
1971 1529 2258 1611 possent,

153 1637 207 1678 15
235 1633 478 1698 magno
501 1612 738 1677 studio
784 1613 948 1678 mihi
994 1636 1033 1678 a
1069 1614 1350 1697 pueritia
1387 1617 1487 1679 est
1524 1615 1949 1679 elaboratum.
2013 1613 2258 1689 Quodsi

234 1720 359 1786 ego
388 1700 547 1766 haee
581 1704 851 1785 propter
887 1702 1402 1788 magnitudinem
1430 1724 1653 1767 ‘rerum
1692 1725 1766 1768 ac
1808 1701 2256 1768 difficultatem

235 1789 497 1873 assequi
538 1810 671 1853 non
715 1789 927 1874 potui,
980 1790 1090 1874 qui
1135 1791 1205 1854 in
1260 1790 1438 1855 omni
1491 1791 1627 1854 vita
1678 1790 1844 1854 nihil
1902 1791 2077 1854 aliud
2133 1790 2256 1875 egi,

237 1898 433 1959 quam
478 1877 674 1962 longe
719 1881 793 1941 tu
838 1881 904 1942 te
951 1878 1034 1942 ab
1070 1878 1175 1942 his
1212 1879 1406 1943 rebus
1445 1878 1670 1942 abesse
1709 1878 2046 1961 arbitrare,
2093 1899 2254 1961 quas

233 1985 369 2029 non
431 1965 621 2031 modo
688 1969 881 2032 antea
940 1986 1298 2050 numquam
1363 1964 1723 2051 cogitastis
1771 1965 1882 2029 sed
1943 1986 2025 2030 ne
2085 1987 2254 2031 nunc

151 2080 206 2119 20
237 2053 513 2138 quidem,
561 2076 705 2119 cum
749 2055 821 2119 in
866 2076 975 2119 eas
1020 2054 1408 2140 ingrederiS,
1457 2075 1619 2137 quae
1666 2056 1731 2117 et
1779 2057 2059 2138 quantae
2107 2055 2255 2138 sint,

236 2143 551 2227 suspicari
607 2143 843 2226 potes?
931 2142 1105 2229 Ego,
1171 2142 1309 2226 qui,
1377 2143 1544 2207 sicut
1610 2155 1832 2206 omnes
1896 2142 2133 2225 sciunt,
2186 2143 2253 2205 in

233 2230 381 2294 foro
443 2230 823 2314 iudiciisque
885 2231 983 2295 ita
1044 2251 1290 2314 verser,
1352 2234 1428 2295 ut
1490 2230 1775 2295 eiusdem
1841 2231 2075 2295 aetatis
2141 2233 2254 2294 aut

232 2339 426 2382 nemo
456 2321 569 2382 aut
602 2320 792 2404 pauci
827 2319 1047 2403 plures
1087 2340 1317 2383 causas
1356 2318 1775 2402 defenderint,
1813 2322 1879 2383 et
1916 2319 2027 2403 qui
2064 2340 2255 2384 omne

233 2410 518 2490 tempuS,
574 2408 746 2491 quod
800 2407 963 2471 mihi
1017 2407 1099 2472 ab
1157 2407 1511 2472 amicorum
1564 2407 1847 2493 negotiis
1907 2407 2123 2491 datur,
2184 2408 2254 2472 in

149 2518 204 2559 25
234 2493 340 2558 his
397 2494 627 2560 studiis
682 2495 1145 2580 laboribusque
1201 2517 1604 2579 consumam,
1661 2518 1789 2580 quo
1833 2497 2127 2581 paratior
2172 2496 2255 2561 ad

232 2604 422 2647 usum
465 2583 791 2647 forensem
834 2583 1327 2668 promptiorque
1375 2605 1514 2647 esse
1558 2584 1823 2668 possim,
1870 2588 2108 2665 tamen,
2159 2584 2255 2647 ita

232 2670 398 2735 mihi
444 2667 597 2734 deos
642 2671 840 2735 velim
885 2672 1224 2756 propitiOS,
1269 2675 1363 2752 ut,
1409 2694 1554 2736 cum
1589 2671 1768 2736 illius
1806 2672 1969 2736 mihi
2004 2675 2255 2754 tempo-

231 2757 327 2821 ris
380 2757 560 2820 venit
611 2758 681 2821 in
719 2764 1045 2844 mentem,
1101 2782 1228 2843 quo
1291 2759 1392 2823 die
1438 2760 1637 2823 citato
1683 2781 1793 2825 reo
1841 2758 2003 2823 mihi
2050 2758 2254 2822 dicen-

231 2846 389 2910 dum
436 2844 540 2928 sit,
584 2866 716 2909 non
759 2848 969 2913 solum
1006 2868 1416 2912 commoveor
1455 2847 1689 2931 animo,
1736 2847 1847 2911 sed
1884 2847 2082 2910 etiam
2110 2848 2253 2910 toto

148 2960 203 2999 30
232 2954 503 3018 corpore
548 2934 983 3018 perhorresco.
1057 2936 1199 3001 Iam
1242 2957 1414 3000 nunc
1468 2936 1683 2999 mente
1739 2938 1805 2998 et
1859 2933 2253 3019 cogitatione

231 3021 587 3107 prospicio,
645 3044 809 3107 quae
862 3028 1005 3089 tum
1061 3024 1277 3089 studia
1331 3022 1693 3106 hominum,
1749 3023 1859 3105 qui
1905 3043 2252 3087 concursus

229 3110 437 3175 futuri
484 3111 634 3196 sint,
681 3116 995 3196 quantam
1046 3111 1559 3198 expectationem
1604 3109 1985 3195 magnitudo
2034 3108 2256 3174 iudicii

231 3198 320 3263 sit
358 3199 660 3284 allatura,
709 3204 1018 3284 quantam
1059 3201 1428 3265 auditorum
1465 3197 1948 3263 multitudinem
1985 3196 2256 3262 infamia

231 3284 300 3352 C.
353 3285 581 3352 Verris
649 3288 1078 3371 concitatura,
1146 3292 1458 3372 quantam
1523 3286 1794 3369 denique
1859 3286 2254 3350 audientiam

146 3397 200 3438 35
230 3375 513 3440 orationi
587 3397 800 3462 meae*
842 3376 1230 3461 improbitas
1305 3375 1482 3440 illius
1553 3374 1809 3439 factura
1873 3374 1975 3438 sit.
2076 3374 2254 3451 Quae

228 3484 376 3527 cum
422 3463 662 3548 cogito,
706 3464 838 3529 iam
884 3486 1054 3528 nunc
1099 3464 1300 3528 timeo
1310 3513 1328 3545 ,
1385 3463 1690 3547 quidnam
1735 3485 1856 3548 pro
1905 3462 2255 3528 offensione

225 3549 585 3637 hominum,
634 3552 744 3636 qui
790 3552 893 3616 illi
937 3551 1182 3617 inimici
1226 3550 1590 3635 infensique
1639 3556 1807 3636 sunt,
1855 3554 1919 3616 et
1966 3556 2254 3637 expecta-

2292 1444 2363 1493 40

2280 2108 2361 2171 13

2291 2186 2359 2234 41

2291 2953 2359 3001 42
