2566 4016
721 245 855 302 LIB.
894 246 946 300 II
1008 245 1164 300 CAP.
1203 252 1416 301 74—76
1452 253 1483 313 δ
1523 253 1817 304 182-187.
2147 250 2276 315 267

254 390 589 458 attendite.
664 387 790 454 His
853 390 1443 473 exportationibus,
1508 412 1672 474 quae
1737 392 2047 457 recitatae
2108 399 2279 476 sunt,

254 479 484 548 scribit
521 474 634 542 HS
673 479 769 542 ᾗ
816 477 1026 542 300103
1071 477 1432 561 perdidisse
1479 500 1558 543 ex
1600 478 1955 544 vicensima
2000 482 2279 563 portorii

254 565 610 653 Syracusis,
692 565 996 631 Pauculis
1044 565 1248 652 igitur
1296 566 1655 650 mensibus,
1707 571 1782 632 ut
1826 567 1898 632 hi
1940 568 2168 652 pusilli
2213 573 2279 634 et

257 654 618 738 contempti
653 654 864 719 libelli
900 653 1206 737 indicant,
1250 653 1432 719 furta
1465 655 1808 739 praetoris,
1854 676 2018 739 quae
2062 661 2278 721 essent

204 762 232 804 5
256 740 368 808 HS
419 758 612 825 0000,
661 764 740 807 ex
784 763 913 807 uno
962 740 1200 827 oppido
1249 742 1390 808 solo
1438 747 1784 826 exportata
1829 747 1999 807 sunt.
2089 741 2279 828 Cogi-

257 835 396 901 tate
448 851 644 912 nunc,
698 851 847 895 cum
900 829 1020 894 illa
1065 828 1290 895 Sicilia
1335 830 1448 913 sit,
1501 830 1627 896 hoc
1673 835 1772 896 est
1816 831 2058 915 insula,
2113 853 2278 915 quae

255 919 536 1002 undique
574 917 784 982 exitus
822 917 1187 982 maritimos
1222 918 1484 1002 habeat,
1531 919 1684 1002 quid
1723 941 1801 984 ex
1838 918 2068 984 ceteris
2115 919 2278 986 locis

257 1009 673 1092 exportatum
698 1005 964 1088 putetis,
993 1005 1147 1089 quid
1161 1004 1549 1091 Agrigento,
1578 1006 1734 1090 quid
1759 1005 2096 1090 Lilybaeo,
2125 1007 2279 1090 quid

256 1094 656 1176 Panhormo,
704 1093 857 1176 quid
894 1092 1193 1157 Thermis
1201 1143 1220 1177 ,
1269 1094 1423 1177 quid
1462 1093 1778 1177 Halaesa,
1826 1095 1980 1178 quid
2025 1093 2280 1178 Catina,

182 1202 232 1244 ιο
260 1182 415 1267 quid
452 1203 530 1245 ex
566 1181 797 1247 ceteris
835 1180 1109 1265 oppidis,
1158 1181 1314 1264 quid
1358 1203 1511 1246 vero
1548 1181 1868 1266 Messana,
1917 1203 2107 1266 quem
2153 1183 2279 1247 iste

259 1270 388 1335 sibi
416 1270 630 1335 locum
657 1269 938 1334 maxime
974 1272 1191 1333 tutum
1229 1290 1371 1334 esse
1409 1269 1873 1353 arbitrabatur,
1909 1269 2025 1334 ubi
2062 1270 2278 1336 animo

263 1379 515 1441 semper
569 1358 786 1423 soluto
836 1357 1173 1440 liberoque
1219 1359 1388 1439 erat,
1444 1357 1618 1440 quod
1664 1358 1790 1422 sibi
1834 1358 1961 1422 iste
2005 1356 2280 1423 Mamer·

257 1447 433 1511 tinos
480 1445 839 1530 delegerat,
893 1443 977 1509 ad
1023 1465 1184 1528 quos
1232 1443 1478 1529 omnia,
1530 1467 1693 1529 quae
1740 1449 1854 1511 aut
1901 1446 2279 1532 diligentius

259 1533 577 1603 servanda
631 1537 746 1598 aut
801 1532 1114 1598 occultius
1172 1533 1575 1618 exportanda
1620 1538 1833 1617 erant,
1889 1534 2282 1618 deportaret.

181 1640 233 1682 15
260 1622 381 1687 His
436 1621 717 1686 inventis
773 1620 1016 1685 libellis
1065 1621 1263 1685 ceteri
1308 1622 1546 1686 remoti
1591 1625 1657 1686 et
1702 1622 2080 1708 diligentius
2129 1626 2282 1688 sunt

258 1710 601 1792 reconditi;
654 1730 774 1774 nos
830 1712 1079 1791 tamen,
1131 1711 1207 1772 ut
1261 1730 1485 1774 omnes
1541 1710 1933 1795 intellegant
1986 1710 2111 1774 hoc
2158 1731 2280 1774 nos

262 1799 400 1862 sine
438 1797 792 1883 cupiditate
829 1818 1041 1888 agere,
1086 1796 1191 1860 his
1227 1795 1393 1880 ipsis
1429 1797 1672 1862 libellis
1711 1797 2001 1863 contenti
2039 1819 2279 1861 sumus.
2304 1838 2388 1902 76

393 1883 581 1951 Nunc
610 1885 693 1949 ad
720 1885 1042 1951 sociorum
1070 1883 1333 1948 tabulas
1374 1885 1622 1967 accepti
1658 1887 1723 1948 et
1762 1885 2043 1969 expensi,
2080 1906 2243 1968 quas
2286 1916 2388 1965 186

116 2048 129 2058 ,
260 1994 593 2040 removere
619 1973 891 2040 honeste
918 1972 1101 2039 nullo
1140 1971 1333 2037 modo
1370 1975 1743 2057 potuerunt,
1780 1976 1847 2037 et
1883 1971 1965 2037 ad
2002 1973 2281 2038 amicum

180 2081 234 2123 20
260 2068 448 2129 tuum
505 2060 956 2146 Carpinatium
1008 2064 1428 2126 revertemur.
1526 2059 2037 2144 Inspiciebamus
2094 2060 2282 2146 Syra-

259 2152 430 2219 cusis
488 2174 529 2215 a
573 2149 953 2236 Carpinatio
1009 2148 1337 2216 confectas
1393 2149 1654 2214 tabulas
1702 2148 2061 2233 societatis,
2116 2171 2282 2234 quae

261 2239 721 2324 significabant
757 2238 982 2304 multis
1029 2237 1401 2303 nominibus
1451 2258 1561 2304 eos
1605 2238 1902 2303 homines
1947 2259 2280 2303 versuram

263 2349 302 2393 a
362 2324 741 2410 Carpinatio
804 2327 1061 2410 fecisse,
1130 2326 1242 2409 qui
1305 2326 1609 2410 pecunias
1665 2325 1861 2391 Verri
1924 2326 2281 2408 dedissent3

263 2414 436 2500 quod
490 2415 614 2480 erit
666 2415 853 2480 vobis
908 2416 1051 2480 luce
1106 2414 1373 2498 clarius,
1426 2415 1694 2497 iudices,
1748 2419 1917 2500 tum,
1971 2437 2118 2480 cum
2171 2435 2281 2479 eos

179 2518 234 2561 2⁵
260 2504 440 2590 ipsos
481 2504 873 2589 produxero,
920 2503 1034 2586 qui
1078 2502 1408 2567 dederunt.
1490 2502 1899 2590 Intellegetis
1946 2504 2119 2569 enim
2165 2503 2284 2567 illa

258 2596 585 2678 tempora,
645 2613 762 2676 per
826 2613 1018 2675 quae,
1082 2611 1230 2655 cum
1296 2594 1513 2656 essent
1570 2592 1640 2657 in
1692 2592 2009 2675 periculo,
2070 2591 2282 2675 pretio

262 2700 404 2742 sese
466 2679 906 2762 redemerunt,
969 2700 1117 2744 cum
1182 2677 1513 2743 societatis
1577 2679 1823 2744 tabulis
1881 2700 2015 2743 non
2070 2678 2283 2743 solum

266 2764 671 2848 consulibus,
723 2788 949 2832 verum
1006 2766 1206 2831 etiam
1261 2766 1594 2831 mensibus
1641 2766 2001 2832 convenire.
2083 2763 2247 2829 Cum
2289 2769 2388 2818 18⁷

261 2852 388 2917 hoc
410 2851 691 2916 maxime
718 2874 1255 2939 cognosceremus
1283 2856 1351 2917 et
1380 2852 1566 2934 [iam]
1596 2853 1664 2917 in
1693 2854 1992 2919 manibus
2020 2852 2283 2917 tabulas

177 2958 233 2999 30
260 2940 671 3022 haberemus,
716 2944 980 3024 repente
1016 2940 1366 3025 aspicimus
1409 2941 1642 3006 lituras
1690 2942 1828 3007 eius
1873 2940 2051 3006 modi
2098 2940 2284 3024 quasi

262 3026 582 3113 quaedam
635 3028 907 3093 vulnera
960 3029 1338 3093 tabularum
1390 3029 1693 3094 recentia.
1783 3027 2022 3095 Statim
2079 3028 2284 3114 suspi-

259 3118 444 3182 cione
508 3115 739 3195 offensi
803 3116 885 3180 ad
937 3136 1014 3181 ea
1068 3116 1214 3202 ipsa
1267 3116 1535 3182 nomina
1589 3118 1811 3184 oculos
1868 3116 2282 3199 animumque

257 3204 735 3271 transtulimus.
825 3203 1036 3270 Erant
1091 3208 1392 3288 acceptae
1449 3206 1757 3289 pecuniae
1812 3203 1882 3269 O.
1919 3203 2281 3269 VERRUOIO

261 3291 330 3358 O.
368 3310 449 3377 R,
497 3292 590 3358 sic
625 3296 865 3376 tamen,
911 3295 986 3357 ut
1030 3312 1233 3373 usque
1281 3292 1365 3357 ad
1410 3293 1688 3357 alterum
1724 3292 1786 3358 R
1830 3293 2093 3357 litterae
2139 3312 2283 3358 con-

171 3396 228 3439 85
260 3384 514 3446 starent
586 3381 911 3468 integrae,
982 3378 1272 3465 reliquae
1347 3400 1571 3445 omnes
1646 3384 1862 3446 essent
1923 3381 1995 3445 in
2056 3380 2282 3464 litura3

241 3470 569 3552 ,alterum,
629 3471 927 3552 tertium,
984 3470 1318 3554 quartum,
1370 3469 1700 3552 permulta
1755 3473 1942 3535 erant
1997 3468 2282 3534 eiusdem

257 3555 437 3620 modi
498 3558 782 3650 nomina.
883 3556 1048 3624 Cum
1110 3556 1462 3622 manifesta
1523 3578 1628 3624 res
1691 3557 2022 3644 flagitiosa
2079 3558 2284 3623 litura
