2566 4016
713 227 847 283 ΜΒ.
877 227 928 282 v
986 226 1140 282 GAP.
1180 233 1390 283 61—63
1426 233 1458 293 ς
1496 186 1795 283 159—164.
2024 288 2041 295 Α
2125 227 2258 293 489

61 438 66 445 ,
250 372 449 457 spicio
509 372 810 457 cuiquam
865 375 1039 435 esset
1090 371 1255 454 ulla3
1311 369 1536 435 deinde
1590 370 1772 435 iubet
1820 371 2101 455 undique
2146 372 2259 438 ho·

54 496 66 537 ,
248 461 487 525 minem
533 459 1098 526 vehementissime
1143 458 1491 524 verberari.
1573 455 1980 523 caedebatur
2019 460 2222 543 virgis
2263 474 2365 524 162

54 587 59 627 ι
246 549 315 613 in
361 548 573 615 medio
618 547 763 613 foro
800 546 1138 612 Messanae
1184 547 1344 612 civis
1390 545 1752 630 Romanus,
1797 545 2038 611 iudices
2047 538 2075 631 ,'
2111 570 2257 613 cum

246 637 494 702 interea
556 635 779 700 nullus
833 635 1144 720 gemitus,
1205 634 1390 699 nulla
1441 655 1569 699 vox
1622 635 1753 699 alia
1802 634 1982 699 illius
2037 635 2259 700 miseri

193 738 219 780 ⁶
246 724 417 789 inter
469 724 760 789 dolorem
814 723 1257 808 crepitumque
1316 722 1659 808 plagarum
1705 722 2088 789 audiebatur
2132 723 2259 787 nisi

54 853 69 896 Ε
246 813 434 878 haec:
498 810 744 878 ‘Civis
798 810 1185 876 Roman-us
1242 810 1447 875 sum?
1536 809 1677 876 Hac
1741 832 1811 876 se
1875 832 2257 876 commemo·

54 944 72 986 ,
245 901 497 966 ratione
565 899 852 965 civitatis
924 900 1144 964 omnia
1204 898 1479 964 verbera
1542 899 1958 982 depulsurum
2022 898 2258 964 crucia-

54 1036 62 1075 1
244 993 512 1072 tumque
578 1010 618 1053 a
678 1008 949 1072 corpore
1013 987 1410 1051 deiecturum
1475 986 1947 1070 arbitrabatur3
2009 987 2067 1050 is
2125 1007 2258 1052 non

57 1099 69 1163 «⁴
246 1076 437 1140 modo
474 1075 599 1141 hoc
633 1096 768 1140 non
801 1074 1092 1159 perfecit,
1136 1078 1211 1138 ut
1245 1075 1581 1159 virgarum
1617 1075 1751 1140 vim
1789 1075 2258 1159 deprecaretur,

54 1213 68 1255 Ι
166 1179 221 1220 10
249 1163 385 1246 sed,
462 1184 608 1227 cum
683 1160 1067 1247 imploraret
1145 1163 1403 1244 saepius
1480 1166 1950 1247 usurparetque
2021 1183 2260 1227 nomen

54 1298 69 1344 5
247 1250 560 1334 civitatis,
620 1271 802 1333 crux,
856 1270 1039 1334 crux,
1090 1250 1385 1334 inquam,
1436 1249 1682 1316 infelici
1735 1254 1803 1314 et
1857 1270 2259 1333 aerumnose,

248 1339 359 1423 qui
420 1359 776 1422 numquam
838 1337 1036 1402 istam
1089 1341 1343 1422 pestem
1394 1338 1675 1421 viderat,
1737 1338 2255 1423 comparabatur.

378 1429 428 1490 O
465 1447 703 1492 nomen
739 1426 923 1490 dulce
959 1425 1315 1491 libertatis!
1375 1448 1413 1491 o
1457 1427 1560 1490 ius
1606 1426 1914 1491 eximium
1955 1430 2220 1491 nostrae
2259 1399 2362 1528 1(ὲὲ

246 1514 558 1581 civitatis!
606 1535 643 1578 o
672 1514 776 1578 lex
803 1513 1037 1579 Porcia
1063 1513 1368 1601 legesque
1397 1511 1844 1598 Semproniae!
1891 1537 1929 1580 o
1968 1515 2257 1602 graviter

162 1618 218 1660 15
246 1602 611 1668 desiderata
650 1605 717 1666 et
762 1601 1110 1686 aliquando
1157 1602 1413 1667 reddita
1455 1602 1634 1687 plebi
1669 1603 2003 1668 Romanae
2047 1603 2256 1668 tribu-

243 1691 412 1756 nicia
447 1691 771 1774 potestas!
832 1690 1085 1756 Hucine
1119 1691 1386 1755 tandem
1421 1690 1584 1755 haec
1620 1690 1841 1754 omnia
1872 1690 2255 1774 reciderunt,

245 1781 319 1843 ut
392 1778 549 1842 civis
613 1778 946 1843 Romanus
1016 1779 1088 1843 in
1159 1777 1495 1862 provincia
1556 1776 1785 1861 populi
1846 1776 2127 1842 Romani
2185 1778 2257 1841 in

246 1864 484 1950 oppido
529 1863 1008 1930 foederatorum
1055 1864 1138 1930 ab
1186 1886 1290 1948 eo,
1341 1865 1453 1948 qui
1497 1864 1807 1929 beneficio
1852 1864 2081 1950 populi
2125 1864 2256 1929 Ro-

244 1953 424 2018 mani
492 1951 701 2018 fasces
776 1956 844 2018 et
906 1973 1159 2019 secures
1222 1952 1520 2038 haberet,
1593 1952 1917 2039 deligatus
1979 1952 2048 2017 in
2110 1952 2255 2019 foro

157 2059 219 2102 20
244 2041 449 2128 virgis
527 2041 941 2120 caederetur?
1050 2037 1261 2116 Quid?
1343 2063 1489 2107 cum
1564 2041 1753 2127 ignes
1831 2039 2256 2126 ardentesque

244 2130 525 2195 laminae
612 2129 934 2213 ceterique
1021 2128 1344 2194 cruciatus
1430 2128 1967 2213 admovebantur,
2053 2129 2109 2193 si
2189 2134 2258 2194 te

242 2217 423 2282 illius
489 2217 723 2283 acerba
785 2216 1163 2301 imploratio
1228 2221 1296 2282 et
1348 2238 1475 2281 vox
1528 2217 1922 2282 miserabilis
1974 2237 2108 2282 non
2159 2218 2258 2283 in·-

243 2306 533 2389 hibebat,
576 2326 659 2369 ne
704 2305 941 2371 civium
989 2304 1248 2389 quidem
1294 2304 1756 2389 Romanorum,
1802 2305 1914 2390 qui
1959 2310 2101 2371 tum
2147 2305 2258 2371 ad-

55 2463 58 2474 ,
246 2397 457 2477 erant,
528 2393 687 2458 fletu
751 2396 817 2457 et
881 2392 1131 2480 gemitu
1193 2394 1475 2459 maximo
1544 2393 2079 2460 commovebare‘?
2178 2393 2258 2458 In

54 2493 58 2524 *
156 2494 217 2541 25
245 2501 497 2548 crucem
550 2486 625 2547 tu
680 2502 873 2567 agere
929 2501 1124 2546 ausus
1180 2502 1249 2546 es
1306 2503 1723 2567 quemquam,
1777 2481 1888 2566 qui
1934 2503 2003 2547 se
2048 2482 2255 2548 civem

245 2569 612 2635 Romanum
650 2590 790 2635 esse
828 2569 1111 2635 diceret?
1182 2568 1387 2636 Nolui
1419 2574 1560 2635 tam
1599 2570 2017 2636 vehementer
2062 2592 2256 2656 agere

241 2657 368 2723 hoc
419 2660 633 2742 prima
685 2658 965 2743 actione,
1027 2658 1296 2743 iudices,
1357 2658 1566 2743 nolui3
1620 2658 1874 2724 vidistis
1931 2658 2130 2740 enim,
2181 2661 2258 2722 ut

245 2745 446 2808 animi
501 2745 936 2809 multitudinis
988 2746 1061 2810 in
1111 2747 1312 2811 istum
1367 2745 1590 2811 dolore
1647 2749 1715 2810 et
1767 2745 1915 2810 odio
1972 2748 2039 2809 et
2089 2765 2256 2809 com·

244 2832 458 2896 munis
531 2831 802 2915 periculi
872 2836 1061 2899 metu.
1120 2834 1616 2898 concitarentur.
1717 2829 1934 2897 Statui
1997 2837 2258 2917 egomet

151 2936 215 2979 so
244 2919 407 2983 mihi
434 2922 575 2984 tum
603 2918 865 2984 modum
900 2918 1181 2984 orationi
1217 2940 1400 2984 meae
1438 2924 1505 2984 et
1531 2916 1601 2984 G.
1621 2917 2013 3003 Numitorio,
2052 2920 2256 3003 equiti

240 3006 568 3091 Romano,
629 3007 842 3091 primo
901 3006 1179 3092 homini,
1232 3007 1391 3071 testi
1444 3028 1615 3092 meo,
1670 3012 1736 3072 et
1788 3008 1910 3073 Μ’.
1957 3007 2255 3073 Glabrio-

237 3117 409 3180 nem,
453 3094 521 3159 id
558 3094 730 3179 quod
769 3095 1246 3179 sapientissime
1288 3094 1461 3180 feeit,
1505 3094 1718 3161 facere
1762 3093 2045 3161 laetatus
2093 3117 2255 3180 sum,

237 3189 316 3248 ut
368 3186 634 3267 repente
688 3184 1030 3248 consilium
1085 3183 1154 3248 in
1199 3184 1410 3249 medio
1458 3184 1832 3249 testimonio
1879 3184 2254 3249 dimitteret.

234 3271 505 3337 Etenim
558 3271 930 3356 verebatur,
981 3293 1064 3336 ne
1118 3271 1398 3356 populus
1443 3270 1777 3338 Romanus
1832 3272 1915 3337 ab
1965 3272 2096 3338 isto
2144 3294 2254 3338 eas

142 3376 208 3421 ³5
236 3381 483 3444 poenas
538 3360 604 3425 vi
657 3360 973 3445 repetisse
1025 3359 1380 3446 videretur,
1437 3382 1598 3445 quas
1651 3360 1899 3426 veritus
1954 3363 2128 3425 esset
2172 3382 2255 3426 ne

234 3449 366 3513 iste
420 3449 678 3536 legibus
726 3470 801 3514 ac
846 3452 1064 3513 vestro
1110 3449 1347 3514 iudicio
1392 3470 1526 3514 non
1572 3453 1743 3515 esset
1786 3447 2253 3535 persoluturus.

233 3534 303 3599 N
305 3557 445 3621 unc,
474 3537 780 3621 quoniam
807 3537 992 3618 [iam]
1022 3538 1432 3621 exploratum
1462 3540 1565 3602 est
1589 3537 1905 3622 omnibus,
1934 3559 2060 3622 quo
2089 3539 2233 3603 loco
2256 3550 2360 3601 164

2348 3731 2473 3808 ,s
