2566 4016
300 192 434 258 494
904 191 986 246 IN
1025 191 1081 246 C.
1113 190 1423 246 VERREM
1459 190 1616 247 ACT.
1653 190 1722 246 11.

300 336 584 411 voluisse
631 357 941 422 crescere,
992 337 1123 402 isto
1171 335 1504 420 absoluto,
1559 334 1732 419 quod
1777 334 1915 400 sine
1960 335 2332 403 multorum

303 424 543 492 scelere
569 424 712 490 fieri
738 447 869 491 non
901 429 1138 511 potest,
1177 424 1254 488 de
1291 423 1517 489 multis
1554 423 1718 488 mihi
1734 444 2038 491 ,crescere
2074 424 2330 491 licebit.

194 521 280 588 68
435 511 561 578 Sed
588 513 954 581 mehercule
981 516 1202 578 vestra
1229 512 1449 596 reique
1476 511 1774 596 publicae
1809 533 2020 596 causa,
2055 512 2332 597 iudices,

298 602 454 667 nolo
491 601 563 666 in
596 602 721 667 hoc
762 602 1011 668 delecto
1057 600 1329 667 consilio
1375 603 1634 664 tantum
1679 599 1918 688 flagitii
1963 621 2104 665 esse
2149 622 2334 667 com-

302 690 602 774 missum,
653 691 809 755 nolo
865 711 975 755 eos
1028 689 1299 774 iudices,
1355 709 1515 772 quos
1568 709 1690 775 ego
1736 688 2072 773 probarim
2119 692 2334 774 atque
2363 708 2393 750 5

303 778 671 864 delegerim,
719 779 812 843 sic
854 778 924 843 in
968 777 1092 849 hac
1137 777 1300 842 urbe
1343 779 1608 841 notatos
1655 776 1785 842 isto
1834 776 2137 843 absoluto
2187 796 2337 843 am=

300 866 554 950 bulare,
608 869 685 930 ut
727 887 862 931 non
905 887 1080 949 cera,
1127 865 1240 930 sed
1286 885 1483 930 caeno
1531 863 1723 929 obliti
1769 886 1911 930 esse
1955 865 2334 932 videantur.

195 968 299 1018 1⁷4
336 953 545 1029 Quam
592 954 676 1019 ob
723 975 880 1033 rem,
907 958 973 1019 te
1025 974 1306 1038 quoque,
1360 951 1701 1035 Hortensi,
1747 954 1805 1017 si
1850 953 1962 1037 qui
2006 955 2330 1020 monendi

299 1042 480 1107 locus
546 1063 625 1106 ex
684 1042 810 1107 hoc
871 1042 1015 1108 loco
1081 1045 1204 1125 est,
1268 1062 1527 1125 moneo,
1590 1040 1810 1105 videas
1866 1040 2065 1105 etiam
2121 1046 2335 1127 atque

300 1130 499 1196 etiam
538 1135 605 1195 et
641 1130 1025 1214 consideres,
1061 1129 1217 1215 quid
1253 1150 1433 1216 agaS,
1474 1150 1601 1213 quo
1637 1129 2076 1214 progrediare,
2124 1150 2335 1214 quem
2366 1151 2421 1192 ιο

299 1217 632 1284 hominem
669 1222 735 1284 et
773 1241 901 1304 qua
938 1218 1192 1284 ratione
1234 1216 1557 1283 defendas,
1629 1215 1859 1302 Neque
1905 1217 1981 1282 de
2024 1217 2144 1283 illo
2196 1220 2336 1284 tibi

301 1308 646 1392 quicquam
690 1307 1032 1393 praefinio,
1078 1327 1204 1391 quo
1251 1306 1464 1371 minus
1509 1305 1771 1391 ingenio
1819 1327 2071 1371 mecum
2116 1309 2336 1392 atque

301 1396 478 1459 omni
517 1396 767 1460 dicendi
801 1395 1118 1461 facultate
1157 1393 1538 1478 contendas3
1582 1397 1797 1459 cetera
1843 1394 1901 1458 si
1945 1415 2072 1477 qua
2119 1400 2334 1480 putas

297 1485 364 1547 te
420 1482 733 1548 occultius
790 1486 974 1546 extra
1028 1482 1362 1566 iudicium,
1420 1503 1584 1566 quae
1639 1482 1718 1546 ad
1765 1481 2073 1548 iudicium
2116 1486 2334 1568 perti-

294 1573 513 1654 neant,
546 1569 759 1636 facere
795 1590 1007 1655 posse,
1054 1569 1110 1634 si
1147 1569 1302 1654 quid
1340 1570 1634 1654 artificio,
1671 1570 1961 1655 consilio,
1997 1572 2333 1659 potentia,
2362 1591 2413 1634 ιε

299 1658 532 1744 gratia,
578 1658 781 1743 copiis
817 1658 1010 1723 istius
1057 1658 1276 1723 moliri
1323 1658 1595 1744 cogitaS,
1639 1679 1879 1743 magno
1928 1680 2126 1744 opere
2173 1682 2331 1728 cen·

300 1769 409 1813 seo
448 1747 725 1813 desistas
764 1750 830 1813 et
864 1747 1000 1831 illa,
1048 1768 1211 1832 quae
1249 1750 1574 1832 temptata
1608 1747 1742 1812 iam
1779 1751 1846 1812 et
1882 1748 2118 1833 coepta
2162 1755 2334 1816 sunt

298 1836 381 1900 ab
428 1836 586 1919 isto,
640 1858 680 1901 a
725 1857 827 1901 me
874 1840 1092 1901 autem
1136 1834 1586 1921 pervestigata
1630 1839 1697 1900 et
1742 1836 2033 1921 cognita,
2080 1858 2331 1907 moneo

296 1927 372 1989 ut
428 1924 805 2012 exstinguas
860 1927 927 1988 et
979 1923 1240 2011 longius
1295 1923 1603 2010 progredi
1655 1944 1738 1988 ne
1785 1924 1979 1990 sinas.
2068 1923 2330 2013 Magno

297 2017 411 2078 tuo
456 2014 745 2099 periculo
789 2013 1159 2097 peccabitur
1203 2013 1274 2078 in
1319 2013 1442 2078 hoc
1486 2012 1751 2098 iudicio,
1801 2014 2071 2098 maiore,
2119 2036 2329 2102 quam
2357 2035 2410 2076 ιο

193 2112 296 2163 175
332 2105 545 2186 putaS.
636 2101 823 2178 Quod
877 2102 1049 2167 enim
1101 2105 1168 2166 te
1222 2100 1577 2166 liberatum
1628 2100 1762 2166 iam
1809 2102 2330 2171 existimationis

296 2194 502 2273 metu,
553 2190 923 2256 defunctum
967 2189 1326 2255 honoribus
1374 2189 1787 2274 designatum
1832 2191 2169 2256 consulem
2222 2216 2332 2259 eo-

298 2278 493 2363 giteS,
549 2278 713 2343 mihi
757 2278 968 2362 crede,
1015 2280 1398 2343 ornamenta
1439 2277 1572 2342 ista
1617 2281 1683 2341 et
1728 2278 2039 2344 beneficia
2084 2282 2332 2366 populi

163 2378 168 2384 ’
295 2364 577 2430 Romani
618 2387 753 2430 non
797 2366 1046 2430 minore
1092 2366 1356 2451 negotio
1402 2366 1767 2431 retinentur
1813 2389 2007 2451 quam
2053 2389 2331 2456 compa-

294 2456 539 2517 rantur.
631 2451 812 2517 Tulit
864 2452 1026 2519 haec
1076 2454 1308 2519 civitas
1316 2504 1335 2539 ,
1392 2454 1604 2538 quoad
1648 2455 1891 2539 potuit,
1947 2457 2167 2539 quoad
2217 2480 2331 2525 ne-
2357 2475 2405 2517 a

293 2555 470 2606 c‘esse
533 2539 685 2624 fuit,
749 2541 999 2627 regiam
1059 2541 1258 2607 istam
1323 2546 1611 2607 vestram
1675 2542 2193 2610 dominationem
2257 2547 2333 2612 in

293 2628 545 2695 iudiciis
611 2632 678 2694 et
739 2628 810 2694 in
838 2629 1043 2720 ,omni
1095 2651 1166 2694 re
1220 2630 1510 2715 publica,
1571 2630 1755 2714 tulit3
1820 2631 1957 2716 sed,
2022 2652 2156 2716 quo
2222 2635 2330 2700 die

293 2718 535 2803 populo
591 2716 887 2784 Romano
952 2717 1202 2783 tribuni
1263 2718 1444 2804 plebi
1502 2719 1794 2784 restituti
1848 2723 2027 2804 sunt,
2094 2725 2332 2790 omnia

292 2806 426 2871 ista
461 2806 668 2890 vobis,
705 2807 764 2871 si
797 2806 969 2873 forte
1005 2806 1294 2872 nondum
1329 2806 1732 2892 intellegitis,
1770 2807 2077 2891 adempta
2116 2813 2331 2897 atque

294 2898 519 2981 erepta
580 2898 748 2960 sunt.
839 2894 1145 2960 Omnium
1196 2916 1369 2960 nunc
1423 2894 1595 2960 oculi
1648 2895 1922 2961 coniecti
1977 2901 2136 2962 sunt
2193 2899 2329 2968 hoc
2354 2918 2402 2958 υ

291 2983 437 3068 ipso
502 2987 795 3068 tempore
854 2983 923 3048 in
980 3005 1181 3048 unum
1238 3005 1556 3068 quemque
1609 2988 1935 3069 nostrum,
2001 3006 2134 3069 qua
2189 2988 2329 3055 fide

294 3092 417 3158 ego
456 3093 768 3155 accusem,
810 3092 939 3156 qua
973 3071 1292 3157 religione
1328 3070 1399 3136 hi
1432 3071 1735 3157 iudicent,
1780 3094 1910 3157 qua
1943 3076 2018 3139 tu
2051 3074 2328 3142 ratione

187 3169 290 3221 1⁷6
329 3159 652 3226 defendas.
713 3159 815 3225 De
844 3159 1144 3225 omnibus
1170 3159 1382 3244 nobis,
1419 3160 1475 3223 si
1501 3160 1614 3243 qui
1649 3161 1980 3226 tantulum
2016 3161 2096 3226 de
2132 3169 2327 3230 recta

291 3248 558 3334 regione
614 3247 969 3333 deflexerit,
1022 3269 1155 3313 non
1207 3247 1328 3313 illa
1379 3247 1584 3312 tacita
1634 3248 2056 3332 existimatio,
2116 3273 2325 3334 quam

292 3341 486 3401 antea
522 3339 934 3403 contemnere
976 3336 1310 3421 solebatis,
1357 3335 1469 3401 sed
1513 3336 1860 3402 vehemens
1909 3358 1982 3402 ac
2027 3337 2325 3406 liberum
2352 3357 2399 3399 ιε

188 3427 337 3493 (1⁷6)
374 3423 601 3506 populi
653 3423 936 3489 Romani
994 3424 1303 3491 iudicium
1364 3430 1809 3510 consequetur.
1908 3423 2116 3491 Nulla
2169 3428 2325 3514 tibi,

290 3502 556 3589 Quinte,
610 3530 756 3575 cum
801 3512 932 3577 isto
979 3513 1313 3598 cognatio,
1362 3512 1549 3579 nulla
1590 3512 2025 3597 necessitud03
2071 3515 2323 3599 quibus
