2566 4016
612 201 755 256 PRO
792 201 853 268 Q.
891 201 1149 258 ROSCIO
1187 201 1533 258 COMOEDO
1569 203 1856 260 ORATIO.
2165 206 2248 271 81

228 369 309 413 ex
364 346 654 429 civitate,
708 345 976 430 iudices,
1029 346 1198 412 hanc
1251 347 1394 431 pati
1445 347 1652 412 nolite
1707 348 1948 413 diutius
2004 349 2074 413 in
2125 349 2250 415 hac

228 457 299 501 re
353 434 618 519 publica
670 434 945 517 versari3
1004 456 1167 518 quae
1223 455 1359 499 non
1420 435 1612 500 modo
1657 434 1725 499 id
1786 436 1987 501 habet
2048 437 2118 501 in
2182 459 2249 502 se

227 523 406 607 mali,
454 521 626 607 quod
661 524 766 587 tot
802 521 972 586 cives
1011 522 1418 602 atrocissime}
1453 522 1735 605 sustulit,
1780 545 2006 588 verum
2053 525 2249 590 etiam

228 611 603 677 hominibus
657 608 1005 675 lenissimis
1061 609 1305 676 ademit
1362 609 1870 676 misericordiam
1916 615 2251 677 consuetu·

173 715 203 756 5
231 699 380 763 dine
433 697 1008 763 incommodorum.
1097 696 1271 762 Nam
1327 719 1472 763 eum
1533 698 1830 764 omnibus
1893 699 2072 764 horis
2139 700 2252 764 ali-

233 785 390 870 quid
444 785 751 851 atrociter
804 784 946 850 fieri
999 785 1289 850 videmus
1345 790 1459 850 aut
1511 785 1833 870 audimus,
1887 787 2085 851 etiam
2140 788 2252 871 qui

227 877 468 939 natura
513 872 851 938 mitissimi
891 895 1142 957 sumus,
1189 873 1572 939 assiduitate
1619 874 2068 940 molestiarum
2112 896 2252 940 sen-

229 984 377 1028 sum
423 982 682 1028 omnem
725 960 1152 1027 humanitatis
1199 982 1278 1026 ex
1325 961 1558 1027 animis
1606 962 1985 1029 amittimus.

1031 1208 1451 1218 ——-—.-

745 1438 842 1511 M.
901 1436 1188 1512 TULLI
1241 1435 1737 1511 CICERONIS

326 1601 534 1688 PRO
599 1599 687 1704 Q.
751 1598 1121 1687 ROSCIO
1187 1600 1681 1687 COMOEDO
1744 1600 2152 1688 ORATIO.

1137 1754 1350 1763 —

877 1837 1604 1906 ARGUMENTUM.

345 1957 401 2015 0.
439 1956 682 2014 Fannius
720 1957 967 2015 Chaerea
1015 1958 1078 2025 Q.
1115 1957 1321 2014 Roscio
1371 1956 1637 2014 comoedo
1673 1956 1994 2029 Panurgum
2030 1974 2253 2015 servum

233 2048 399 2087 suum
442 2029 754 2085 tradiderat
795 2031 904 2084 hac
946 2031 1099 2100 lege,
1145 2033 1233 2097 ut,
1291 2029 1342 2084 si
1384 2029 1546 2084 illum
1590 2028 1710 2082 arte
1753 2027 2086 2084 histrionice
2129 2046 2251 2086 eru-

233 2100 485 2168 divisset„
523 2102 785 2169 quaestus
824 2100 1134 2155 communis
1171 2102 1334 2155 esset.
1407 2098 1713 2166 Aliquanto
1756 2101 1888 2170 post
1923 2099 1984 2165 Q.
2023 2099 2251 2156 Flavius

232 2170 654 2240 Tarquiniensis
712 2169 941 2238 quidam
1003 2187 1227 2226 servum
1279 2184 1630 2226 communem
1681 2168 1797 2226 iam
1851 2169 2131 2225 eruditum
2185 2184 2252 2226 ac

233 2241 546 2312 perfectum
600 2239 821 2296 occidit.
905 2240 966 2306 Q.
1023 2241 1281 2297 Flavium
1328 2240 1390 2306 Q.
1440 2237 1675 2294 Roscius
1729 2240 1938 2296 iudicio
1991 2242 2254 2322 persequi

234 2329 365 2366 cum
408 2311 600 2379 vellet,
647 2311 996 2381 cognitorem
1040 2311 1101 2366 in
1146 2329 1271 2368 eam
1315 2329 1435 2367 rem
1473 2310 1530 2366 0.
1568 2309 1844 2367 Fannium
1880 2312 2052 2367 dedit.
2126 2312 2252 2368 Lite

235 2384 575 2449 contestata,
636 2381 849 2436 iudicio
905 2382 1096 2436 damni
1148 2382 1357 2437 iniuria
1410 2399 1445 2437 a
1499 2381 1696 2438 Flavio
1761 2382 1883 2439 dati
1943 2384 2252 2440 constituto

233 2451 446 2508 decidit
479 2470 606 2509 cum
641 2452 840 2508 Flavio
875 2452 1137 2521 Roscius,
1174 2455 1239 2508 ut
1273 2452 1396 2523 ipse
1432 2452 1649 2523 aiebat,
1683 2470 1786 2524 pro
1824 2470 1925 2509 sua
1957 2458 2142 2525 parte,
2190 2459 2256 2511 ut

232 2523 501 2592 Fannius,
546 2540 649 2594 pro
696 2524 823 2577 tota
867 2523 1162 2591 societate;
1207 2524 1444 2579 fundum
1488 2524 1731 2596 accepit,
1781 2541 1894 2579 non
1936 2526 2250 2596 pecuniam.

232 2592 468 2663 Aliquot
491 2594 654 2649 annis
680 2595 814 2664 post
839 2592 1085 2649 Fannius
1112 2593 1379 2649 Roscium
1404 2592 1599 2663 adegit
1625 2595 1913 2663 arbitrum,
1942 2595 2055 2663 qui,
2080 2612 2251 2664 quan-

228 2666 356 2718 tum
410 2664 640 2732 aequius
693 2662 920 2732 melius,
975 2664 1240 2719 Roscium
1292 2664 1526 2735 petitori
1577 2666 1791 2721 Fannio
1840 2666 1971 2721 dare
2016 2665 2249 2720 iuberet.

232 2732 465 2787 Arbiter
508 2733 619 2788 fuit
662 2732 838 2800 idem,
885 2734 981 2802 qui
1025 2735 1086 2790 in
1129 2737 1237 2790 hac
1273 2752 1444 2791 causa
1477 2735 1646 2791 iudex
1682 2739 1783 2804 est,
1822 2735 1879 2790 0.
1920 2734 2253 2805 Calpurnius

232 2802 385 2857 Piso.
458 2803 513 2857 Is
551 2804 620 2857 de
655 2820 717 2858 re
753 2804 1090 2861 sententiam
1124 2822 1239 2861 non
1271 2806 1430 2874 tulit,
1468 2807 1567 2861 sed
1602 2805 1868 2862 Roscium
1902 2804 2151 2875 rogavit,
2190 2808 2256 2860 ut

230 2873 450 2929 Fannio
545 2889 608 2927 ro
661 2873 878 2942 labore,
942 2877 1091 2944 quod
1145 2875 1404 2946 cognitor
1455 2876 1677 2945 fuisset,
1733 2877 1883 2944 quod
1930 2873 2254 2931 vadim0nia

232 2944 462 3011 obisset,
560 2943 597 2998 S
637 2943 838 3000 CCIOO
876 2946 1050 3014 daret,
1086 2945 1171 3002 ita
1203 2950 1412 3015 tamen,
1450 2948 1515 3001 ut
1540 2947 1785 3002 Fannius
1811 2946 2251 3016 restipularetur,

232 3015 283 3070 si
320 3015 454 3083 quid
505 3014 788 3085 exegisset
830 3033 866 3070 a
908 3016 1130 3085 Flavio,
1216 3020 1395 3072 artem
1440 3017 1559 3072 eius
1606 3017 1898 3072 dimidiam
1940 3032 1999 3070 se
2044 3014 2250 3069 Roscio

231 3087 508 3141 daturum.
586 3085 901 3157 Spopondit
944 3086 1027 3143 ita
1063 3104 1121 3142 se
1182 3090 1437 3142 acturum
1472 3087 1733 3143 Fannius
1807 3086 2021 3141 Deinde
2057 3084 2251 3140 Flavio

228 3155 392 3211 litem
430 3156 691 3212 intendit.
764 3158 938 3213 Iudex
971 3158 1082 3213 fuit
1118 3157 1174 3212 C.
1215 3157 1459 3214 Cluvius.
1534 3158 1616 3213 De
1654 3157 1774 3213 eius
1812 3156 2090 3211 sententia
2125 3155 2251 3210 Fla-

229 3227 385 3281 vium
458 3227 552 3282 HS
628 3226 924 3284 0001000
997 3227 1243 3298 Panurgi
1323 3227 1549 3283 nomine
1629 3227 1844 3282 Fannio
1927 3224 2249 3281 dissolvisse

230 3296 292 3362 Q.
340 3297 577 3352 Roscius
634 3299 938 3354 contendit.
1025 3297 1193 3353 Cuius
1241 3298 1514 3369 pecuniae
1557 3315 1688 3369 pars
1733 3296 1969 3351 dimidia
2014 3314 2140 3352 cum
2185 3315 2254 3352 ex

225 3367 656 3437 restipulatione
710 3368 916 3423 Roscio
972 3369 1290 3436 deberetur,
1339 3372 1531 3423 tamen
1583 3370 1805 3423 tantum
1860 3367 2026 3436 afuit,
2082 3370 2146 3423 ut
2199 3369 2253 3423 ei

226 3437 529 3506 quiequam
565 3438 813 3494 Fannius
842 3440 1018 3507 daret,
1055 3442 1121 3493 ut
1147 3457 1274 3494 eum
1302 3439 1364 3493 in
1399 3438 1666 3494 iudicium
1702 3442 1929 3495 voearet
1962 3441 2251 3509 tamquam

227 3523 332 3560 sua
366 3511 528 3577 parte
564 3509 625 3563 in
660 3513 850 3565 vetere
885 3510 988 3564 illa
1023 3509 1302 3565 decisione
1338 3509 1642 3566 fraudatus.
1714 3510 2067 3566 Aestimabat
2102 3510 2256 3566 enim

339 3602 446 3647 010.
475 3606 537 3648 11.
568 3609 605 3648 1.
988 3652 995 3657 ⁴
1792 3605 1823 3654 6
