2566 4016
705 214 840 270 LIB.
870 216 920 270 V
978 215 1135 270 CAP.
1173 223 1383 272 30—32
1422 223 1452 283 ς
1490 222 1715 273 78—83.
2091 218 2223 282 459

202 362 466 445 praeter
509 380 709 424 unam
753 359 940 423 mimi
983 358 1218 425 Isidori
1261 359 1496 442 filiam,
1542 382 1738 444 quam
1782 361 1908 426 iste
1953 365 2223 446 propter

203 468 495 512 amorem
560 448 644 512 ab
708 445 965 512 Rhodio
1028 446 1297 512 tibicine
1361 448 1734 513 abduxerat.
1827 447 1994 513 Erat
2055 449 2221 535 Pipa

205 535 543 619 quaedam,
579 556 742 600 uxor
766 535 1188 601 Aeschrionis
1226 533 1632 619 Syracusani,
1668 537 1748 600 de
1786 556 1915 620 qua
1950 536 2220 602 muliere

200 623 474 707 plurimi
530 644 780 706 versus,
835 624 948 707 qui
1000 624 1070 693 in
1123 623 1313 688 istius
1368 623 1792 708 cupiditatem
1844 624 2005 689 facti
2051 627 2219 706 sunt,

147 723 175 765 ⁵
202 714 352 776 tota
405 708 626 776 Sicilia
687 711 1238 796 percelebrantur3
1303 716 1444 777 erat
1496 711 1683 797 Nice,
1746 712 1913 777 facie
1968 711 2219 795 eximia,
2256 727 2323 776 82

202 802 280 864 ut
361 800 799 884 praedicatur,
881 821 1043 865 uxor
1114 799 1448 867 Cleomeni
1520 797 1926 886 Syracusani.
2032 799 2218 864 Hanc

204 886 638 969 [Cleomenes]
696 888 797 953 vir
843 889 1133 971 amabat,
1187 909 1414 954 verum
1457 892 1681 954 tamen
1722 888 1915 954 huius
1962 886 2218 953 libidini

199 975 534 1041 adversari
586 997 705 1042 nec
758 980 1019 1060 poterat
1071 998 1188 1042 nec
1241 976 1525 1044 audebat
1579 980 1646 1042 et
1700 976 1895 1042 simul
1951 976 2035 1042 ab
2084 976 2216 1044 isto

202 1063 390 1128 donis
444 1063 900 1147 beneficiisque
952 1064 1178 1129 multis
1232 1065 1733 1131 devinciebatur.
1821 1064 1950 1129 Illo
1998 1069 2217 1130 autem

116 1166 175 1207 ιο
200 1154 496 1234 tempore
529 1151 672 1235 iste,
707 1152 975 1217 tametsi
1012 1173 1090 1216 ea
1125 1155 1228 1217 est
1261 1152 1546 1217 hominis
1584 1152 1984 1237 inpudentia,
2021 1174 2217 1235 quam

198 1238 437 1322 nostis,
492 1238 633 1322 ipse
682 1242 902 1304 tamen
956 1261 1103 1304 cum
1154 1239 1257 1304 vir
1310 1243 1483 1305 esset
1529 1239 1891 1325 Syracusis,
1945 1261 2213 1305 uxorem

187 1326 351 1481 ‘31:23
387 1326 1953 1502 AEssssuffoeuffitessssssessmffaqfflusssseofflssbssgss
1988 1328 2217 1502 2335

201 1503 433 1586 larem3
504 1524 733 1587 naves,
795 1503 1028 1587 quibus
1094 1505 1351 1590 legatus
1420 1504 1818 1589 praefuerat,
1881 1503 2215 1571 Cleomeni

117 1604 174 1647 1⁶
200 1591 423 1675 tradit,
468 1590 663 1656 classi
706 1592 935 1677 populi
968 1591 1248 1658 Romani
1287 1590 1699 1658 Cleomenem
1737 1591 2212 1677 Syracusanum

198 1700 499 1764 praeesse
544 1679 726 1744 iubet
769 1685 965 1765 atque
1010 1681 1349 1766 imperare.
1430 1679 1574 1747 Hoc
1621 1702 1696 1746 eo
1741 1680 1928 1764 facit,
1976 1685 2052 1746 ut
2098 1681 2212 1745 ille

197 1788 331 1831 non
369 1767 579 1832 solum
618 1768 876 1833 abesset
913 1790 954 1832 a
991 1769 1201 1853 domo,
1246 1768 1402 1832 dum
1446 1767 1808 1853 navigaret,
1855 1767 1968 1832 sed
2012 1768 2212 1833 etiam

200 1854 480 1919 libenter
515 1875 662 1919 cum
698 1876 937 1942 magno
973 1855 1219 1920 honore
1263 1855 1703 1939 beneficioque
1750 1854 2026 1938 abesset,
2070 1856 2211 1939 ipse

200 1945 419 2007 autem
456 1944 708 2006 remoto
745 1947 941 2028 atque
978 1943 1289 2029 ablegato
1335 1942 1476 2007 viro
1520 1964 1653 2010 non
1699 1942 1967 2008 liberius
2015 1964 2210 2027 quam

118 2045 175 2087 2⁰
200 2034 395 2097 antea
458 2027 634 2115 (quis
698 2031 868 2096 enim
932 2052 1241 2114 umquam
1299 2031 1490 2096 istius
1545 2031 1802 2096 libidini
1857 2031 2118 2116 opstitit
2128 2029 2211 2117 P),

201 2119 311 2183 sed
348 2119 546 2203 paulo
582 2118 894 2185 solutiore
929 2122 1150 2184 tamen
1188 2119 1404 2184 animo
1443 2141 1659 2185 seeum
1695 2120 1881 2185 illam
1920 2119 2211 2204 haberet,

200 2208 257 2273 si
309 2228 441 2272 non
492 2211 829 2290 tamquam
881 2207 1122 2291 virum,
1176 2208 1290 2273 sed
1344 2211 1681 2291 tamquam
1736 2208 2064 2274 aemulum
2116 2229 2211 2273 re-

199 2295 531 2360 movisset.

331 2381 590 2468 Accipit
664 2382 850 2448 navis
923 2383 1244 2449 sociorum
1318 2388 1515 2468 atque
1588 2384 1944 2451 amicorum
2022 2383 2209 2451 Cleo-
2247 2396 2314 2446 83

115 2485 172 2528 ²5
200 2492 418 2536 menes
465 2468 924 2556 Syracusanus.
1016 2470 1185 2546 Quid
1238 2472 1524 2556 primum
1578 2477 1692 2538 aut
1745 2495 2040 2541 accusem
2094 2477 2210 2539 aut
2229 2468 2315 2533 32

198 2560 474 2643 querar?
548 2557 848 2626 Siculone
889 2559 1140 2625 homini
1185 2560 1410 2646 legati,
1457 2561 1840 2647 quaestoris,
1884 2563 2208 2647 praetoris

199 2647 469 2730 denique
512 2651 939 2732 potestatem,
984 2648 1328 2734 honorem,
1373 2650 1831 2716 auctoritatem
1877 2650 2061 2715 dari‘?
2138 2647 2210 2713 Si

197 2736 264 2797 te
290 2734 686 2817 impediebat
712 2736 844 2800 ista
870 2736 1313 2802 conviviorum
1341 2738 1812 2821 mulierumque
1849 2736 2208 2821 occupatio,

197 2820 309 2883 ubi
351 2825 752 2904 quaestores,
796 2823 911 2887 ubi
954 2824 1184 2908 legati,
1233 2826 1374 2903 [ubi
1417 2825 1621 2889 ternis
1669 2824 1950 2890 denariis
1997 2828 2209 2890 aestu-

111 2925 171 2968 30
199 2912 448 2973 matum
510 2907 935 2992 frumentum,
997 2911 1112 2975 ubi
1166 2912 1356 2994 muli,
1418 2912 1531 2976 ubi
1585 2913 2033 2995 tabernacula,
2095 2912 2208 2977 ubi

196 3000 299 3061 tot
363 2999 676 3081 tantaque
741 3001 1123 3062 ornamenta
1184 2998 1681 3084 magistratibus
1746 3004 1814 3065 et
1875 2999 2112 3086 legatis
2170 3022 2209 3065 a

197 3088 428 3150 senatu
461 3085 833 3170 populoque
870 3084 1167 3151 Romano
1212 3087 1532 3171 permissa
1577 3092 1644 3153 et
1688 3088 1886 3173 data,]
1933 3088 2208 3171 denique
2257 3085 2261 3088 ’

193 3173 308 3238 ubi
334 3172 666 3259 praefecti,
705 3173 817 3238 ubi
843 3173 1093 3239 tribuni
1119 3174 1261 3240 tui‘?
1326 3172 1396 3239 Si
1423 3175 1582 3241 civis
1609 3174 1942 3242 Romanus
1971 3176 2207 3262 dignus

192 3261 322 3327 isto
378 3261 645 3349 negotio
697 3283 889 3328 nemo
936 3261 1087 3347 fuit,
1143 3263 1299 3347 quid
1343 3263 1667 3348 civitates,
1723 3286 1888 3349 quae
1931 3265 2002 3330 in
2047 3264 2209 3330 ami-

110 3365 167 3408 26
194 3349 349 3415 citia
384 3350 637 3435 fideque
684 3350 912 3435 populi
947 3349 1225 3417 Romani
1268 3356 1584 3437 perpetuo
1630 3353 2048 3418 manserant?
2093 3353 2209 3419 ubi

192 3434 568 3524 Segestana,
614 3438 729 3504 ubi
766 3437 1187 3525 Centuripina
1232 3440 1509 3506 civitas?
1555 3462 1720 3526 quae
1764 3463 1911 3507 cum
1956 3441 2207 3525 officiis,

190 3524 342 3607 fide,
384 3530 743 3610 vetustate,
788 3531 931 3594 tum
976 3529 1173 3595 etiam
1220 3530 1609 3615 cognatione
1654 3530 1881 3616 populi
1926 3530 2204 3597 Romani
