2566 4016
693 146 841 239 LIB.
868 184 895 237 1
986 183 1141 238 CAP.
1179 189 1393 239 51—54
1430 189 1460 250 ς
1501 190 1793 240 135—140.
2126 183 2250 247 191

233 325 464 391 domus
521 330 663 390 erat
713 348 846 392 non
911 328 1273 396 meretricio
1340 333 1685 412 conventu,
1751 328 1862 392 sed
1923 329 2254 413 praetoria

228 413 428 478 turba
472 413 729 479 referta.
821 412 1028 480 Simul
1085 438 1159 504 ac
1211 419 1506 499 potestas
1551 416 1835 500 primum
1889 416 2043 481 data
2099 421 2216 499 est,
2254 426 2357 477 138

232 502 471 567 adeunt
508 502 596 585 hi,
635 525 795 587 quos
835 503 982 568 dixi.
1046 503 1364 587 Loquitur
1393 501 1461 568 C.
1488 503 1787 587 Mustius,
1822 525 1959 568 rem
1998 505 2253 569 demon-

232 594 420 673 strat,
466 591 634 674 petit
681 592 1009 676 auxilium,
1055 592 1394 676 pecuniam
1439 592 1800 677 pollicetur.
1890 591 2253 676 Respondit

175 698 201 736 5
229 678 350 742 illa
386 682 460 742 ut
496 680 802 743 meretrix
838 701 971 744 non
1004 679 1472 763 inhumaniter3
1517 680 1796 745 libenter
1834 679 1927 744 ait
1956 702 2023 744 se
2050 679 2253 745 factu-

230 788 391 848 ram,
429 770 497 830 et
533 788 601 831 se
638 788 783 832 cum
821 768 950 832 isto
990 768 1337 854 diligenter
1375 769 1978 852 sermocinaturam3
2013 768 2254 832 reverti
2293 818 2299 823 .

228 854 429 920 iubet.
521 853 687 920 Tum
744 854 1103 940 discedunt3
1157 856 1470 941 postridie
1516 860 1942 922 revertuntur.
2031 854 2252 941 Negat

226 942 348 1007 illa
394 964 587 1026 posse
639 943 970 1009 hominem
1028 945 1307 1028 exorari3
1361 966 1786 1030 permagnam
1842 966 1987 1009 eum
2043 944 2251 1009 dicere

230 1053 308 1094 ex
354 1030 474 1095 illa
518 1053 588 1095 re
633 1033 973 1115 pecuniam
1019 1032 1246 1098 confi'ci
1289 1054 1502 1118 posse.

148 1138 202 1177 10
363 1117 627 1203 Vereor,
665 1141 747 1184 ne
786 1121 929 1203 quis
965 1119 1136 1186 forte
1174 1120 1252 1185 de
1278 1122 1541 1205 populo,
1578 1121 1690 1204 qui
1716 1120 1933 1205 priore
1962 1120 2215 1184 actione
2270 1125 2377 1201 53,

227 1229 361 1272 non
408 1207 633 1291 adfuit,
677 1208 855 1292 haec,
906 1209 1058 1292 quia
1101 1212 1371 1293 propter
1414 1208 1737 1293 insignem
1780 1207 2252 1293 turpitudinem
2330 1268 2332 1271 ,

230 1300 383 1360 sunt
422 1295 843 1379 incredibilia,
888 1296 1051 1382 fingi
1088 1318 1127 1359 a
1163 1317 1266 1360 me
1306 1296 1676 1361 arbitretur.
1750 1296 1851 1362 Ea
1886 1317 2002 1360 vos
2040 1299 2251 1379 antea,

227 1383 497 1468 iudices,
552 1385 968 1470 cognovistis,
1066 1383 1252 1449 Dixit
1304 1385 1556 1449 iuratus
1610 1383 1680 1449 P.
1735 1384 1975 1469 Titius,
2032 1388 2215 1448 tutor
2254 1396 2355 1445 139

228 1471 465 1556 pupilli
501 1470 666 1557 Iuni,
714 1472 877 1536 dixit
912 1472 998 1537 M.
1033 1472 1257 1538 Iunius
1304 1476 1486 1538 tutor
1523 1476 1589 1537 et
1624 1477 1924 1557 patruus3
1969 1471 2249 1558 Mustius

149 1578 201 1619 ιε
232 1559 517 1644 dixisset,
563 1561 619 1624 si
664 1561 937 1643 viveret3
985 1561 1098 1626 sed
1142 1561 1387 1627 recenti
1430 1583 1500 1625 re
1547 1560 1624 1625 de
1668 1559 1911 1625 Mustio
1959 1561 2251 1625 auditum

230 1652 357 1731 est3
413 1648 575 1712 dixit
618 1647 689 1713 L.
733 1648 1090 1733 Domitius,
1146 1650 1258 1733 qui
1302 1672 1447 1714 cum
1495 1649 1689 1714 sciret
1734 1671 1837 1714 me
1884 1670 1960 1713 ex
2005 1649 2249 1713 Mustio

228 1737 379 1800 vivo
447 1737 726 1820 audisse,
792 1737 962 1820 quod
1025 1759 1101 1802 eo
1164 1759 1307 1802 sum
1361 1758 1516 1802 usus
1570 1737 1926 1820 plurimum
1981 1734 2249 1821 (etenim

227 1824 562 1908 iudicium,
636 1824 807 1909 quod
877 1846 1078 1910 prope
1143 1825 1432 1890 omnium
1503 1824 1914 1888 fortunarum
1988 1844 2251 1888 suarum

200 1910 301 1997 G.
337 1911 616 1991 Mustius
653 1913 904 1995 habuit,
949 1936 1051 1977 me
1086 1928 1219 1979 uno·
1256 1911 1634 1976 defendente
1671 1910 1871 1996 vicit),
1918 1932 2062 1975 cum
2108 1910 2251 1994 hoc,

145 2021 201 2061 20
228 2005 304 2066 ut
342 2001 501 2085 dico,
548 2002 743 2067 sciret
770 1999 842 2067 L.
869 2000 1218 2085 Domitius,
1254 2023 1359 2065 me
1396 2000 1558 2066 scire
1596 1999 1679 2064 ad
1716 2021 1863 2065 eum
1893 2020 1998 2064 res
2027 2020 2250 2064 omnes

229 2090 541 2155 Mustium
608 2092 879 2157 solitum
937 2112 1078 2155 esse
1142 2089 1417 2174 deferre,
1480 2092 1702 2153 tamen
1767 2088 1845 2152 de
1899 2086 2251 2168 Chelidone

227 2178 506 2261 reticuit,
553 2179 765 2262 quoad
810 2178 1044 2264 potuit,
1091 2179 1221 2243 alio
1259 2178 1748 2263 responsionem
1786 2199 1971 2242 suam
2009 2176 2252 2240 deriva-

228 2268 343 2332 vit.
434 2266 681 2332 Tantus
728 2268 798 2331 in
843 2267 1251 2332 adulescente
1298 2266 1660 2331 clarissimo
1707 2287 1782 2330 ac
1825 2265 2113 2349 principe
2158 2264 2251 2329 iu-

228 2356 514 2421 ventutis
544 2356 752 2441 pudor
779 2354 924 2438 fuit,
959 2360 1035 2419 ut
1063 2356 1351 2439 aliquam
1380 2355 1505 2438 diu,
1542 2377 1687 2420 cum
1716 2376 1755 2418 a
1790 2377 1894 2418 me
1928 2375 2252 2438 premere-

140 2462 202 2503 25
229 2447 364 2527 tur,
464 2445 681 2509 omnia
761 2444 980 2528 potius
1053 2443 1472 2528 responderet
1554 2465 1749 2527 quam
1831 2440 2252 2507 Chelidonem

229 2532 624 2616 nominaret3
669 2533 883 2617 primo
921 2532 1323 2597 necessarios
1370 2532 1559 2596 istius
1608 2530 1689 2595 ad
1727 2553 1872 2595 eum
1911 2530 2249 2615 adlegatos

231 2641 372 2683 esse
437 2620 717 2704 dicebat,
792 2620 1019 2684 deinde
1083 2619 1431 2703 aliquando
1505 2621 1765 2704 coactus
1830 2617 2249 2684 Chelidonem

228 2706 610 2771 nominavit.
688 2706 842 2773 Non
876 2711 943 2772 te
979 2708 1197 2794 pudet,
1243 2706 1499 2791 Verres,
1547 2707 1683 2772 eius
1720 2706 2009 2771 mulieris
2049 2705 2214 2770 arbi·
2254 2715 2355 2765 140

229 2797 413 2858 tratu
479 2794 754 2878 gessisse
817 2801 1219 2880 praeturam,
1286 2818 1481 2880 quam
1534 2795 1605 2860 L.
1659 2794 1986 2859 Domitius
2043 2792 2125 2858 ab
2182 2814 2250 2857 se

140 2903 200 2943 so
226 2881 554 2947 nominari
599 2882 707 2947 vix
752 2884 878 2947 sibi
922 2885 1268 2949 honestum
1316 2905 1455 2949 esse
1493 2881 1989 2947 arbitrabatur}>

360 2969 611 3035 Reiecti
649 2993 688 3035 a
724 2968 1074 3038 Chelidone
1112 2973 1379 3058 capiunt
1416 2971 1757 3037 consilium
1796 2969 2248 3053 necessarium,
2270 2974 2356 3037 54

224 3065 301 3125 ut
368 3058 726 3144 suscipiant
788 3060 918 3143 ipsi
975 3062 1330 3146 negotium.
1431 3058 1593 3125 Cum
1648 3057 1950 3123 Habonio
2014 3060 2252 3139 tutore,

227 3150 400 3233 quod
447 3153 588 3214 erat
632 3147 742 3213 vix
777 3146 890 3212 HS
939 3149 1372 3235 quadraginta
1409 3148 1679 3230 milium,
1724 3146 2101 3231 transigunt
2138 3143 2248 3209 HS

227 3237 519 3304 ducentis
565 3237 851 3302 milibus.
934 3236 1164 3302 Defert
1211 3238 1293 3302 ad
1337 3238 1536 3301 istum
1581 3258 1719 3300 rem
1764 3233 2131 3317 HaboniuS,
2175 3238 2250 3298 ut

140 3342 196 3383 35
226 3327 354 3390 sibi
399 3325 715 3411 videatur,
762 3325 924 3389 satis
973 3324 1670 3411 grandempecuniam
1716 3328 1781 3389 et
1828 3323 1989 3388 satis
2038 3323 2250 3407 impu-

226 3413 484 3480 dentem
522 3436 680 3480 esse.
754 3413 906 3497 Iste,
955 3415 1065 3498 qui
1102 3415 1437 3499 aliquanto
1476 3414 1623 3497 plus
1662 3412 2033 3499 cogitasset,
2078 3412 2249 3477 male

226 3502 461 3585 accipit
497 3503 713 3569 verbis
751 3502 1144 3588 Habonium,
1187 3507 1389 3588 negat
1427 3524 1574 3567 eum
1614 3502 1740 3568 sibi
1775 3502 1892 3567 illa
1929 3501 2249 3567 decisione
