2566 4016
342 233 478 295 404
942 226 1023 279 m
1060 225 1119 280 o.
1150 224 1460 279 VERREM
1495 224 1657 281 Aer.
1693 224 1759 278 11.

342 374 413 439 in
448 373 748 459 precibus
785 374 852 436 et
899 370 1448 457 gratulationibus
1494 391 1627 435 non
1673 370 1886 435 solum
1931 368 1999 433 id
2043 370 2375 455 venerari,

343 484 571 527 verum
617 460 817 526 etiam
861 459 1144 524 osculari
1189 458 1419 523 solent.
1499 456 1606 522 Ad
1651 458 1775 523 hoc
1818 457 2169 541 templum,
2217 480 2374 523 cum

346 554 520 615 esset
572 547 698 615 iste
744 547 1120 633 Agrigenti,
1175 546 1333 612 duce
1383 545 1793 612 Timarchide
1846 548 2114 630 repente
2169 550 2373 611 nocte

342 640 738 722 intempesta
791 657 1125 701 servorum
1180 638 1585 700 armatorum
1639 634 1717 699 fit
1770 654 2117 712 concursus
2165 638 2373 720 at'que

344 728 645 881 ἓᾞῖθωῗ
718 725 1069 877 3ξὲῖῖιὲ
1092 722 1423 877 ῗξὲἐῖεἶί
1452 721 2372 875 ἓξώᾶἳὲῃὲἓῖἓοὲἓᾞθζῖᾟ
2398 742 2426 783 ⁵

346 865 517 968 male
527 837 844 990 qssuffcaffi
897 900 1100 966 clavis
1157 922 1232 964 ac
1275 898 1560 963 fustibus
1606 898 2029 984 repelluntur.
2119 862 2373 964 Postea

345 990 673 1078 convolsis·
694 989 1029 1075 ‘repagulis
1059 987 1485 1071 ecfractisque
1511 987 1724 1052 valvis
1765 986 2062 1053 demoliri
2100 987 2372 1073 signum

348 1101 424 1145 ac
458 1079 752 1145 vectibus
799 1076 1193 1142 labefactare
1239 1078 1574 1141 conantur.
1647 1074 1907 1140 Interea
1952 1096 2030 1139 ex
2059 1075 2373 1141 *clamore

346 1166 526 1234 fama
588 1170 733 1232 tota
794 1166 953 1231 urbe
1015 1164 1419 1249 percrebruit
1481 1163 1842 1249 expugnari
1900 1162 2054 1228 deos
2108 1164 2371 1247 patrios
2401 1184 2450 1225 ιο

322 1279 481 1340 11011
560 1255 849 1321 hostium
931 1253 1213 1318 adventu
1287 1252 1672 1335 necopinato
1743 1273 1951 1335 neque
2022 1252 2372 1336 repentino

348 1343 748 1430 praedonum
807 1343 1086 1428 impetu,
1150 1340 1263 1405 sed
1326 1362 1405 1405 ex
1463 1340 1655 1405 domo
1711 1342 1906 1423 atque
1962 1361 2040 1404 ex
2092 1340 2378 1406 cohorte·

186 1497 193 1503 ,
348 1431 677 1516 praetoria
712 1451 976 1493 manum
1010 1428 1441 1513 fugitivorum
1475 1428 1865 1494 instructam
1912 1432 2371 1513 armatamque

245 1535 311 1588 95
348 1519 619 1583 venisse.
714 1515 926 1581 Nemo
973 1514 1326 1606 Agrigenti
1379 1514 1590 1600 neque
1646 1519 1861 1582 aetate
1913 1520 2054 1581 tam
2109 1516 2374 1583 adfecta

347 1627 555 1690 neque
590 1604 838 1670 viribus
875 1608 1015 1668 tam
1050 1604 1327 1694 infirmis
1361 1603 1507 1687 fuit,
1555 1605 1666 1688 qui
1708 1605 1860 1668 non·
1884 1604 2003 1669 illa
2046 1608 2240 1670 nocte
2290 1627 2370 1670 eo
2401 1623 2452 1665 15

348 1694 579 1761 nuntio
619 1693 934 1759 excitatus
975 1692 1329 1757 surrexerit
1365 1692 1726 1776 telumque,
1753 1691 1925 1776 quod
1962 1692 2191 1777 cuique
2226 1693 2376 1758 fors

351 1783 685 1866 offerebat,
730 1781 1094 1866 arripuerit.
1148 1780 1403 1865 ‘Itaque
1447 1780 1631 1845 brevi
1673 1784 1967 1865 tempore
2011 1780 2095 1845 ad
2136 1780 2373 1847 fanum

351 1894 429 1938 ex
465 1872 626 1936 urbe
660 1874 806 1936 tota
850 1869 1272 1960 concurritur.
1344 1867 1597 1934 Horam
1643 1869 1923 1953 amplius
1969 1869 2101 1934 iam
2144 1869 2217 1933 in
2263 1870 2375 1935 de-

351 1959 677 2027 moliendo
733 1958 922 2045 signo
975 1957 1286 2045 permulti
1336 1956 1632 2023 homines
1684 1957 2145 2042 moliebantur3
2199 1957 2376 2025 illud

268 2095 272 2098 -
350 2050 602 2115 interea
669 2048 854 2114 nulla
926 2047 1196 2112 lababat
1257 2068 1337 2111 ex
1397 2049 1613 2131 parte,
1681 2069 1826 2111 cum
1890 2046 2003 2111 alii
2043 2046 2373 2113 'vectibus
2400 2067 2454 2107 so

352 2137 662 2203 subiectis
700 2139 1088 2202 conarentur
1129 2156 1549 2217 commovere,
1595 2134 1711 2199 alii
1757 2134 2114 2220 deligatum
2162 2137 2375 2201 omni-

237 2227 240 2230 ’
351 2226 473 2291 bus
526 2224 835 2289 membris
879 2243 1108 2307 rapere
1154 2222 1237 2287 ad
1283 2243 1351 2287 se
1396 2222 1686 2287 funibus:
1742 2244 1817 2288 ac
1861 2227 2126 2308 repente
2172 2224 2376 2310 Agri-

352 2313 604 2399 gentini
645 2313 1059 2397 concurrunt3
1103 2310 1181 2375 fit
1228 2331 1469 2396 magna
1514 2311 1856 2395 lapidatio;
1904 2311 2061 2376 dant
2108 2333 2251 2376 sese
2299 2314 2375 2378 in

350 2401 577 2484 fugam
639 2397 829 2483 istius
893 2398 1214 2482 praeclari
1275 2399 1693 2482 imperatoris
1745 2399 2049 2464 nocturni
2100 2399 2374 2467 milites.

347 2487 496 2552 Duo
568 2489 791 2550 tamen
822 2570 825 2571 ἦ
862 2484 1086 2571 sigilla
1156 2486 1544 2570 perparvola
1610 2487 1882 2571 tollunt,
1951 2508 2057 2575 nex
2098 2489 2374 2555 omnino
2403 2506 2454 2547 85

349 2575 575 2640 inanes
639 2574 722 2639 ad
783 2573 985 2639 istum
1046 2575 1438 2660 praedonem
1491 2575 1881 2661 religionum
1934 2579 2376 2642 revertantur.

222 2746 227 2749 .
349 2662 727 2747 Numquam
779 2664 920 2727 tam
974 2663 1143 2727 male
1198 2667 1298 2726 est
1345 2660 1603 2747 Siculis,
1658 2663 1813 2746 quin
1865 2662 2110 2747 aliquid
2153 2663 2376 2731 facete

352 2756 419 2817 et
455 2751 788 2817 commode
827 2750 1062 2834 dicant,
1105 2751 1288 2815 velut
1324 2750 1395 2814 111
1428 2751 1552 2816 hac
1587 2772 1657 2816 re
1694 2751 1957 2816 aiebant
1988 2751 2059 2815 in
2104 2751 2375 2819 labores

349 2839 652 2906 Herculis
679 2860 813 2903 non
841 2840 1053 2903 minus
1088 2837 1260 2923 hunc
1296 2838 1840 2904 immanissimum
1874 2844 2129 2904 verrem
2167 2847 2375 2925 quam

350 2929 540 2993 illum
587 2949 829 3013 aprum·
861 2926 1366 3010 Erymanthium
1412 2926 1641 2992 referri
1687 2931 2002 3011 oportere.
2404 2946 2461 2988 so

245 2986 335 3114 ἐξ
484 3015 672 3081 Hanc
715 3015 1026 3116 virtutem
1056 3013 1640 3100 Agrigentinorum
1684 3015 1929 3081 imitati
1973 3019 2128 3080 sunt
2162 3015 2378 3083 Asso-

350 3127 490 3256 {2¹3
522 3107 754 3276 ἓὲῗζῗὲ
762 3124 989 3274 ’ῃέᾆῖἰθ
1002 3102 1173 3281 fi'ffi
1177 3106 1322 3254 ⁹33⁶
1334 3103 1553 3255 „25¹3ss
1558 3103 2241 3276 213221230‘1333323?
2266 3128 2380 3259 2⁶³}

352 3279 581 3362 amnia
628 3279 739 3362 qui
775 3300 892 3363 per
919 3277 1386 3344 Assorinorum
1425 3300 1619 3365 agros
1656 3278 1817 3344 fluit.
1889 3279 1957 3344 Is
1995 3280 2168 3366 apud
2211 3281 2377 3347 illos

350 3364 632 3429 habetur
695 3366 850 3431 deus
917 3370 981 3430 et
1045 3366 1362 3453 religione
1425 3367 1709 3432 maxima
1763 3368 2014 3433 colitur.
2115 3367 2379 3436 Fanu‘m
2409 3387 2461 3429 ³⁵

352 3449 488 3542 eius
552 3455 656 3514 est
716 3453 786 3516 in
849 3474 1011 3539 agro
1074 3456 1346 3538 propter
1398 3455 1612 3538 ipsam
1664 3456 1869 3539 viam,
1934 3477 2063 3540 qua
2117 3455 2379 3523 Assoro

350 3534 482 3592 itur
535 3534 852 3601 Hennam.
943 3539 1024 3603 In
1078 3562 1153 3605 eo
1211 3539 1501 3623 Chrysae
1558 3543 1974 3608 simulacrum
2030 3548 2131 3608 est
2184 3567 2381 3629 prae-
