2566 4016
713 236 848 291 LlB.
886 235 967 290 III
1024 235 1173 290 CAP.
1206 242 1415 292 60—-62
1453 242 1483 301 ἓ
1525 242 1818 292 137-143,
2140 237 2270 303 327

256 384 395 446 erat
431 381 500 444 in
538 401 923 463 sermonem,
958 379 1291 462 invidiam,
1327 380 1898 464 vituperationem3
1936 380 2272 446 dictitarat

255 469 450 534 homo
486 469 826 552 improbus
865 472 1059 551 atque
1096 467 1409 552 impurus,
1454 468 1804 552 AproniuS,
1854 469 2099 533 socium
2146 470 2274 534 sibi

258 578 396 622 esse
419 559 816 641 praetorem3
843 559 1110 620 venerat
1133 577 1236 619 res
1259 555 1332 618 in
1353 554 1660 621 iudicium
1684 559 1879 639 atque
1903 556 2271 639 discrimem

257 648 550 729 potestas
625 647 766 708 erat
837 644 952 707 isti
1020 643 1273 708 homini
1342 643 1602 728 integro
1676 646 1872 726 atque
1943 644 2274 709 innocenti

204 749 232 789 ⁵
258 732 438 815 data,
485 736 595 815 ut,
631 732 700 796 in
736 731 1101 816 Apronium
1149 753 1294 796 cum
1340 731 1627 795 animum
1673 731 2087 814 advertisset,
2134 753 2273 796 sese

260 820 647 906 gravissima
711 820 962 884 levaret
1024 818 1314 883 infamia.
1406 817 1574 893 Quid
1627 820 1955 905 excogitat
2007 841 2274 904 poenae,

259 908 415 992 quid
451 906 1084 973 animadversionis
1065 928 1136 970 1n
1163 906 1572 991 Apronium?
1646 906 1842 993 Cogit
1878 905 2272 972 Scandilium

256 995 552 1080 Apronio
590 996 687 1060 ob
716 995 1113 1080 singularem
1159 994 1650 1078 improbitatem
1696 998 1892 1079 atque
1939 994 2274 1061 audaciam

257 1084 936 1168 praedicationemque
988 1081 1276 1146 nefariae
1328 1082 1660 1147 societatis
1706 1081 1820 1147 HS
1869 1102 1916 1147 v
1962 1083 2273 1148 mercedis

179 1188 233 1228 10
260 1193 335 1236 ac
361 1171 636 1254 praemii
672 1171 983 1251 [nomine]
1023 1170 1193 1234 dare.
1257 1169 1426 1245 Quid
1461 1169 1777 1254 interfuit,
1810 1171 2009 1237 homo
2047 1171 2238 1236 auda·
2279 1182 2381 1231 141

259 1259 540 1340 cissime,
585 1262 805 1323 utrum
849 1259 973 1323 hoc
1018 1257 1418 1341 decernereS,
1465 1279 1551 1322 an
1592 1258 1686 1340 id,
1733 1259 1905 1341 quod
1940 1259 2271 1343 Apronius

260 1345 623 1429 dictitabat,
668 1350 809 1410 tute
855 1347 932 1410 de
977 1350 1045 1410 te
1089 1346 1467 1431 profiterere
1513 1368 1587 1410 ac
1633 1346 2010 1412 dictitares‘?
2067 1347 2273 1422 Quem

259 1434 608 1517 hominem,
653 1434 711 1498 si
747 1435 859 1517 qui
892 1433 1102 1517 pudor
1136 1434 1207 1497 in
1243 1436 1310 1497 te
1351 1437 1547 1518 atque
1593 1433 1753 1499 adeo
1800 1434 1859 1498 si
1904 1435 2015 1519 qui
2059 1437 2273 1499 metus

259 1522 516 1606 fuisset,
580 1522 719 1586 sine
780 1521 1100 1606 supplicio
1166 1521 1493 1586 dimittere
1546 1543 1680 1587 non
1734 1523 2040 1605 debuisti,
2102 1523 2275 1588 hunc

180 1625 234 1666 15
261 1612 379 1675 abs
417 1614 483 1674 te
525 1610 662 1674 sine
707 1609 996 1694 praemio
1045 1608 1369 1674 discedere
1413 1609 1726 1674 noluisti?
1801 1609 2034 1675 Omnia
2081 1611 2274 1675 simul

258 1698 642 1783 intellegere
678 1696 977 1782 potestiS,
1022 1697 1281 1780 iudices,
1329 1719 1405 1761 ex
1442 1696 1566 1762 hoc
1601 1719 1732 1762 uno
1777 1699 2044 1763 crimine
2083 1696 2277 1763 Scan-

262 1785 522 1868 diliano,
564 1785 850 1868 primum
885 1784 1010 1850 hoc
1044 1806 1178 1876 non
1213 1806 1354 1849 esse
1391 1784 1637 1849 Romae
1676 1788 1906 1850 natum
1953 1786 2031 1849 de
2079 1786 2279 1850 socie-

262 1875 402 1936 tate
456 1873 894 1956 decumarum,
946 1894 1078 1937 non
1133 1874 1215 1937 ab
1267 1875 1642 1937 accusatore
1688 1872 1938 1956 fictum,
1990 1894 2149 1956 non,
2203 1877 2278 1937 ut

264 1959 546 2025 solemus
590 1960 916 2026 interdum
959 1961 1030 2025 in
1076 1959 1554 2027 defensionibus
1602 1959 1837 2043 dicere,
1883 1960 2126 2025 crimen
2172 1960 2279 2025 do·

180 2066 235 2106 80
263 2050 602 2115 mesticum
640 2055 715 2114 ac
750 2050 1184 2134 vernaculum,
1228 2071 1359 2114 non
1403 2070 1480 2112 ex
1525 2052 1818 2132 tempore
1862 2048 2136 2133 periculi
2180 2049 2279 2113 tui

261 2138 717 2221 constitutum,
772 2138 885 2202 sed
937 2141 1123 2203 vetus
1133 2188 1151 2220 ,
1207 2137 1532 2222 agitatum
1577 2137 1708 2202 iam
1756 2139 1823 2201 et
1867 2139 1932 2201 te
1977 2140 2279 2220 praetore

260 2225 574 2288 iactatum
621 2230 688 2288 et
731 2246 863 2289 non
907 2226 990 2289 ab
1036 2225 1315 2291 inimicis
1358 2225 1606 2290 Romae
1651 2224 2111 2309 compositum,
2167 2225 2278 2289 sed

261 2311 543 2376 Romam
571 2332 648 2375 ex
674 2313 1007 2396 provincia
1034 2313 1465 2397 deportatum.
1520 2311 1726 2377 Simul
1752 2313 1920 2377 illud
1945 2312 2245 2399 intellegi
2284 2323 2389 2373 142

262 2403 483 2483 potest
546 2399 736 2464 istius
798 2400 869 2465 in
912 2401 1278 2485 Apronium
1338 2402 1648 2485 studium,
1711 2401 1966 2486 Aproni
2019 2400 2095 2466 de
2150 2402 2278 2466 isto

181 2502 237 2545 2⁵
263 2510 398 2553 non
471 2487 662 2553 modo
737 2488 1085 2571 confessi0,
1160 2510 1387 2554 verum
1461 2489 1658 2556 etiam
1731 2490 2280 2555 commemoratio·

262 2575 515 2643 Eodem
561 2577 824 2660 accedit,
872 2576 1045 2660 quod
1090 2576 1213 2642 hoc
1260 2597 1515 2660 quoque
1561 2576 1940 2661 intellegere
1985 2578 2282 2661 potestis,

262 2666 466 2728 istum
530 2665 837 2729 statuisse
891 2665 960 2727 in
1012 2664 1346 2747 provincia
1401 2685 1519 2728 sua
1572 2663 2072 2730 existimationis
2127 2686 2281 2731 suae

265 2749 571 2849 iudicium
628 2755 812 2816 extra
866 2753 1201 2829 cohortem
1257 2773 1440 2816 suam
1497 2751 2032 2817 committendum
2079 2750 2281 2816 fuisse

264 2858 528 2902 nemini.

181 2944 239 2983 eo
400 2923 640 3007 Ecquis
688 2928 788 2988 est
832 2926 1048 3008 iudex,
1095 2926 1197 2991 cui
1240 2947 1374 2991 non
1419 2927 1501 2991 ab
1548 2926 1736 2991 initio
1783 2925 2120 2991 decumani
2165 2926 2281 2989 cri·
2302 2931 2390 2995 62

267 3012 462 3078 minis
518 3033 901 3097 persuasum
955 3013 1045 3077 sit
1098 3013 1299 3077 istum
1354 3014 1423 3078 in
1479 3017 1811 3080 aratorum
1863 3013 2037 3077 bona
2080 3011 2285 3077 fortu-

262 3123 511 3185 nasque
549 3100 865 3185 impetum
909 3100 1184 3166 fecisse?
1264 3099 1420 3175 Quis
1468 3101 1591 3167 hoc
1634 3123 1768 3166 non
1813 3124 1890 3166 ex
1936 3122 2012 3165 eo
2061 3100 2284 3165 statim

264 3189 596 3272 iudicavit,
635 3189 808 3272 quod
836 3187 1090 3253 ostendi
1122 3189 1323 3253 istum
1362 3189 1660 3255 decumas
1697 3211 1870 3254 nova
1905 3189 2051 3273 lege
2091 3191 2284 3271 atque

265 3277 426 3342 adeo
481 3277 666 3342 nulla
715 3278 861 3363 lege
906 3280 1135 3342 contra
1180 3276 1471 3341 omnium
1515 3276 2043 3343 consuetudinem
2090 3279 2285 3359 atque

183 3381 238 3423 ⁸⁵
265 3365 573 3431 instituta
607 3365 1015 3431 vendidisse?
1071 3363 1319 3430 Verum
1355 3369 1429 3429 ut
1470 3365 1634 3429 istos
1672 3386 1795 3450 ego
1831 3363 2073 3429 iudices
2111 3367 2250 3428 tam
2288 3374 2391 3424 143

209 3479 216 3490 ·
267 3474 553 3537 severos,
607 3458 747 3519 tam
802 3453 1148 3542 d1l1gentes
1158 3505 1176 3538 ,
1230 3457 1370 3518 tam
1421 3453 1767 3539 religiosos
1812 3473 1945 3517 non
1988 3452 2287 3535 habeam,

269 3541 484 3623 ecquis
550 3545 678 3626 est,
741 3564 817 3608 ex
880 3544 1264 3610 iniuriarum
1326 3541 1799 3628 magnitudine,
1862 3541 2288 3626 improbitate
