2566 4016
305 205 435 268 226
908 202 988 256 IN
1026 203 1083 257 C.
1112 200 1420 255 VERREM
1453 200 1612 255 ACT.
1653 201 1720 254 ΙΙ.

305 347 442 413 Iste
469 348 665 412 homo
693 347 985 411 liberalis
1013 349 1215 431 negat
1243 366 1312 409 se
1342 365 1733 428 quemquam
1760 343 2039 408 retinere
2080 365 2320 428 eorum,

308 436 420 520 qui
467 434 704 500 Petilio
760 435 1003 500 vellent
1058 435 1300 499 adesse.
1387 432 1618 516 Itaque
1674 431 2011 496 discedunt
2067 453 2321 532 omnes3

307 545 460 588 nam
507 523 704 588 ceteri
749 543 1001 607 quoque
1046 522 1429 605 impetrant,
1481 541 1564 583 ne
1610 519 2039 600 retineantur3
2092 519 2205 602 qui
2250 541 2318 584 se

310 611 476 675 velle
515 611 813 675 dicebant
851 609 1152 675 alterutri
1189 630 1432 691 eorum,
1479 607 1589 691 qui
1624 610 1765 671 tum
1800 606 1966 671 illud
2010 606 2318 671 iudicium

308 699 666 780 habebant,
711 697 950 762 adesse.
1032 696 1263 780 Itaque
1300 695 1426 759 iste
1472 695 1649 759 solus
1696 716 1843 760 cum
1888 715 2006 759 sua
2052 694 2317 759 cohorte
2341 714 2372 754 5

202 798 273 846 72
309 786 707 870 nequissima
751 785 1155 868 relinquitur.
1236 781 1390 847 Non
1435 782 1777 847 dubitabat
1821 781 2160 864 MinuciuS,
2207 783 2317 867 qui

310 871 661 957 Sopatrum
714 871 1122 953 defendebat,
1187 871 1345 955 quin
1397 869 1550 954 iste,
1613 870 1919 953 quoniam
1975 833 2317 934 consilium

314 960 690 1042 dimisisset,
743 960 861 1024 illo
917 960 1018 1023 die
1072 980 1212 1023 rem
1264 958 1452 1021 illam
1497 958 1907 1042 quaesiturus
1951 979 2085 1022 non
2129 962 2319 1041 esset,

311 1071 456 1114 cum
492 1051 752 1131 repente
798 1047 1057 1111 iubetur
1100 1046 1327 1110 dicere.
1411 1045 1810 1129 [Respondet
1820 1047 1863 1126 .]
1912 1044 2041 1109 ‘Ad
2086 1045 2317 1130 quos‘?'

313 1135 450 1199 ‘Ad‘
493 1133 647 1218 me'‚
699 1135 939 1218 inquit,
994 1133 1084 1198 ‘si
1134 1134 1259 1197 tibi
1312 1133 1579 1197 idoneus
1628 1133 1872 1216 videor,
1927 1133 2038 1216 qui
2084 1133 2161 1197 de
2206 1134 2317 1198 ho·
2344 1154 2402 1193 10

310 1223 482 1288 mine
529 1220 745 1287 Siculo
793 1245 867 1288 ac
913 1221 1226 1287 Graeculo
1272 1220 1590 1286 iudicem.'
1665 1219 1964 1285 Idoneus
2014 1221 2159 1301 [es]'
2162 1271 2179 1304 ,

311 1312 476 1396 quit,
523 1309 666 1374 ‘sed
710 1310 1063 1395 pervellem
1109 1309 1410 1374 adessent
1455 1309 1529 1392 ii,
1583 1308 1694 1392 qui
1740 1312 1933 1373 antea
1978 1307 2318 1373 adfuerant

310 1417 697 1481 causamque
745 1396 1142 1482 cognorant?
1229 1396 1415 1480 ‘Dic',
1460 1396 1699 1497 inquit3
1748 1394 1872 1459 ‘illi
1920 1396 2142 1460 adesse
2186 1418 2320 1461 non

309 1485 624 1570 possunt?
718 1483 811 1549 N
814 1507 919 1549 am
964 1484 1254 1549 hercule'
1255 1534 1274 1567 ,
1329 1484 1540 1567 inquit
1583 1483 1930 1566 MinuciuS,
1981 1483 2115 1548 ‘me
2162 1506 2317 1568 quo-

204 1584 273 1632 73
312 1592 434 1655 que
486 1571 758 1635 Petilius
767 1622 785 1655 ,
846 1575 923 1635 ut
979 1571 1105 1635 sibi
1157 1571 1228 1635 in
1280 1571 1553 1636 consilio
1607 1592 1841 1654 essem,
1898 1571 2189 1656 rogavit'
2248 1575 2316 1636 et
2345 1593 2401 1632 15

311 1659 505 1722 simul
551 1682 590 1723 a
637 1659 962 1723 subselliis
1009 1658 1187 1723 abire
1233 1659 1462 1743 coepit.
1553 1657 1688 1723 Iste
1732 1659 1940 1723 iratus
1984 1659 2315 1724 hominem

308 1747 524 1811 verbis
580 1746 1168 1811 vehementioribus
1222 1747 1638 1830 prosequitur
1692 1750 1886 1829 atque
1941 1747 2001 1811 ei
2052 1747 2316 1832 gravius

311 1834 507 1898 etiam
565 1834 799 1900 minari
852 1834 1091 1918 coepit,
1148 1834 1320 1918 quod
1372 1834 1443 1898 ιιι
1497 1855 1565 1899 se
1619 1837 1877 1898 tantum
1932 1834 2173 1898 crimen
2218 1835 2316 1899 in-

202 1919 292 1983 30
310 1922 676 2008 vidiamque
732 1922 1055 1988 conflaret.
1134 1922 1485 2005 Minucius,
1536 1921 1646 2005 qui
1692 1918 2025 2005 Syracusis
2074 1922 2165 1986 sic
2211 1943 2317 1987 ne-

311 2012 697 2096 gotiaretur,
752 2015 826 2076 ut
881 2012 981 2075 sui
1033 2011 1193 2076 iuris
1250 2010 1716 2097 dignitatisque
1768 2010 2194 2096 meminisset,
2250 2015 2317 2075 et
2344 2031 2404 2071 ιο

312 2100 423 2181 qui
460 2100 653 2164 sciret
691 2121 759 2162 se
795 2099 890 2163 ita
924 2099 995 2162 in
1032 2099 1367 2183 provincia
1412 2120 1549 2162 rem
1596 2118 1833 2182 augere
1879 2101 2197 2183 oportere,
2241 2102 2317 2163 ut

309 2208 391 2250 ne
455 2186 608 2270 quid
662 2186 738 2249 de
792 2187 1095 2250 libertate
1151 2185 1552 2269 deperderet,
1614 2185 1893 2270 homini,
1956 2208 2120 2270 quae
2173 2187 2318 2251 visa

312 2277 489 2355 sunt,
545 2276 610 2336 et
661 2294 824 2356 quae
869 2276 1124 2353 tempus
1170 2272 1335 2336 illud
1377 2274 1530 2336 tulit
1575 2276 1641 2337 et
1688 2295 1909 2356 causa,
1963 2274 2316 2358 respondit,

311 2380 571 2423 causam
637 2380 776 2422 sese
840 2359 1105 2422 dimisso
1161 2362 1355 2443 atque
1411 2360 1716 2446 ablegato
1773 2361 2044 2426 consilio
2102 2361 2319 2426 defen-

312 2467 533 2510 surum
568 2446 849 2530 negavit.
929 2445 1160 2530 Itaque
1201 2470 1240 2510 a
1287 2448 1614 2513 subselliis
1660 2448 1974 2529 discessit,
2018 2448 2317 2533 idemque
2348 2478 2406 2518 25

310 2533 432 2598 hoc
486 2537 744 2617 praeter
789 2530 1040 2598 Siculos
1095 2534 1293 2598 ceteri
1339 2532 1600 2620 Sopatri
1657 2536 1850 2600 amici
1894 2499 2320 2619 advocatique

205 2624 274 2673 ⁷4
309 2620 617 2686 fecerunt.
688 2620 822 2686 Iste
859 2643 1250 2706 quamquam
1297 2627 1397 2687 est
1418 2624 1778 2688 incredibili
1822 2623 2323 2724 importunitate

311 2713 377 2775 et
436 2709 729 2793 audacia,
791 2712 1012 2774 tamen
1067 2710 1282 2776 subito
1341 2710 1517 2774 solus
1574 2709 1925 2775 destitutus
1982 2712 2323 2796 pertimuit

310 2802 377 2861 et
422 2798 844 2862 conturbatus
892 2800 1018 2880 est3
1072 2797 1226 2881 quid
1271 2801 1523 2883 ageret,
1569 2820 1696 2882 quo
1744 2819 1813 2862 se
1857 2801 2170 2883 verteret,
2213 2822 2324 2864 ne-

311 2886 619 2950 sciebat.
656 2882 724 2949 Si
780 2885 1129 2950 dimisisset
1180 2906 1255 2949 eo
1302 2889 1594 2969 tempore
1641 2886 2113 2970 quaestionem,
2167 2891 2324 2971 post
2355 2915 2417 2955 so

307 2974 442 3038 illis
481 2972 845 3037 adhibitis
825 2995 895 3036 m
931 2972 1292 3072 consilium,
1338 2994 1499 3056 quos
1538 2973 1895 3057 ablegarat,
1942 2975 2325 3039 absolutum

307 3061 389 3124 iri
444 3059 792 3145 Sopatrum
846 3059 1136 3142 videbat3
1196 3059 1299 3123 sin
1352 3062 1569 3124 autem
1622 3060 1952 3125 hominem
2010 3063 2326 3127 miserum

310 3152 504 3233 atque
540 3148 949 3212 innocentem
983 3147 1080 3211 ita
1124 3146 1631 3231 condemnasset,
1678 3170 1824 3212 cum
1867 3148 2009 3232 ipse
2054 3153 2328 3234 praetor

311 3236 448 3299 sine
512 3236 810 3318 consilio,
873 3256 1021 3299 reus
1079 3238 1297 3299 autem
1351 3236 1489 3300 sine
1541 3239 1818 3319 patrono
1874 3240 2070 3319 atque
2126 3238 2330 3303 advo-

310 3323 472 3385 catis
516 3322 768 3406 fuisset,
811 3321 1242 3406 iudiciumque
1280 3321 1350 3388 O.
1390 3321 1753 3387 Sacerdotis
1799 3323 2186 3408 rescidisset,
2231 3325 2331 3389 in-
2363 3350 2421 3391 ⁸5

311 3407 552 3471 vidiam
616 3430 684 3473 se
748 3410 1065 3474 sustinere
1119 3413 1375 3475 tantam
1428 3432 1620 3495 posse
1675 3432 1808 3475 non
1863 3412 2331 3477 arbitrabatur.

309 3492 538 3575 Itaque
601 3497 946 3561 aestuabat
1000 3498 1430 3580 dubitatione,
1494 3499 1801 3564 versabat
1857 3520 1925 3563 se
1981 3503 2339 3584 utramque
