2566 4016
730 221 866 277 LIB.
895 221 974 276 IV
1036 221 1192 276 CAP.
1235 225 1443 276 18—20
1478 226 1508 286 ξ
1547 225 1774 275 39-44.
2129 219 2256 283 381

247 366 642 451 graderetur,
675 365 843 429 nihil
881 385 1042 450 esse,
1076 365 1248 450 quod
1288 365 1630 449 quisquam
1665 367 1928 448 putaret
1964 384 2051 447 se,
2089 363 2261 447 quod

245 453 359 518 isti
385 455 580 537 paulo
610 453 822 538 magis
859 454 1165 538 placeret,
1201 474 1582 518 conservare
1621 455 1735 516 aut
1772 451 1947 516 domi
1982 452 2260 516 retinere

245 563 466 626 posse3
492 545 721 626 postea
739 563 892 606 vero
918 564 1112 625 quam
1139 542 1600 606 intellexeram:
1625 539 1741 604 isti
1767 539 1978 603 virum
2004 540 2262 622 fortem,
2282 535 2367 599 20

249 652 440 713 quem
496 651 744 695 summe
799 631 1135 714 provincia
1189 629 1600 714 expectabat,
1665 627 1738 703 Q.
1777 627 2069 710 Arrium,
2130 649 2264 692 non

193 733 219 775 ⁵
249 717 603 802 succedere,
650 722 1021 783 statuerunt
1056 718 1221 782 nihil
1260 740 1329 783 se
1366 721 1506 782 tam
1543 717 1835 782 clausum
1872 737 2078 799 neque
2124 718 2264 780 tam

247 807 649 872 reconditum
701 828 894 891 posse
947 807 1215 890 habere,
1269 806 1443 889 quod
1495 826 1628 870 non
1680 804 1869 868 istius
1921 803 2265 887 cupiditati

248 895 731 979 apertissimum
775 895 1467 980 promptissimumque
1513 896 1703 957 esset.

379 983 547 1048 Tum
574 984 699 1049 iste
729 984 812 1049 ab
844 985 1057 1067 equite
1085 983 1380 1048 Romano
1419 980 1756 1066 splendido
1795 984 1861 1044 et
1899 980 2209 1065 gratioso,
2238 974 2367 1044 (20)

248 1070 361 1137 Cn.
416 1069 698 1156 Calidi0,
769 1071 950 1136 cuius
1022 1072 1232 1135 filium
1298 1071 1544 1135 sciebat
1609 1071 1975 1133 senatorem
2037 1067 2265 1153 populi

167 1174 221 1213 10
247 1158 528 1224 Romani
593 1161 659 1222 et
720 1159 995 1223 iudicem
1051 1180 1218 1241 esse,
1283 1159 1538 1223 eculeos
1595 1158 1939 1242 argenteos
1992 1156 2265 1239 nobiles,

251 1246 364 1330 qui
409 1245 482 1322 Q.
518 1245 788 1310 Maximi
831 1246 1118 1329 fuerant,
1165 1246 1395 1311 aufert.
1474 1245 1836 1330 Inprudens
1880 1245 2007 1308 huc
2051 1243 2265 1326 incidi,
2302 1255 2369 1303 43

249 1334 519 1420 iudices3
547 1335 705 1398 emit
725 1334 914 1416 enim,
941 1357 1075 1400 non
1102 1335 1404 1418 abstulit3
1431 1334 1676 1398 nollem
1704 1333 1967 1415 dixisse3
1994 1331 2267 1396 iactabit

251 1444 321 1487 se
358 1426 425 1486 et
469 1423 538 1486 in
582 1423 686 1487 his
734 1423 1054 1506 equitabit
1100 1423 1354 1488 eculeis.
1438 1421 1630 1505 ‘Emi‚
1672 1421 2010 1506 pecuniam
2057 1419 2265 1486 solvi?

250 1508 475 1576 Credo,
559 1509 804 1576 ‘Etiam
848 1511 1113 1576 tabulae
1159 1509 1608 1595 proferentur?
1688 1509 1814 1573 Est
1857 1509 2056 1592 tanti3
2110 1507 2265 1573 cedo

170 1610 222 1652 1⁵
249 1600 528 1664 tabulas.
627 1599 825 1664 Dilue
892 1620 1046 1664 sane
1111 1599 1357 1664 crimen
1418 1598 1542 1664 hoc
1603 1595 2040 1681 Calidianum,
2113 1597 2266 1661 dum

251 1709 372 1773 ego
409 1688 669 1753 tabulas
707 1688 995 1773 aspicere
1030 1688 1295 1772 possim.
1359 1685 1604 1751 Verum
1640 1689 1864 1754 tamen
1908 1685 2062 1769 quid
2108 1689 2266 1768 erat,

252 1776 424 1859 quod
468 1773 757 1841 Calidius
811 1776 1058 1841 Romae
1115 1779 1491 1860 quereretur
1547 1796 1643 1857 se,
1701 1796 1849 1839 cum
1902 1777 2005 1837 tot
2060 1794 2265 1837 annos

250 1863 321 1925 in
358 1861 578 1928 Sicilia
613 1864 1079 1948 negotiaretur,
1126 1888 1165 1928 a
1200 1869 1266 1928 te
1307 1864 1447 1929 solo
1484 1863 1582 1928 ita
1618 1883 1758 1926 esse
1804 1865 2267 1944 contemptum,

251 1948 348 2014 ita
403 1949 801 2034 despectum,
855 1955 929 2016 ut
985 1952 1183 2017 etiam
1237 1974 1370 2018 una
1414 1974 1561 2017 cum
1607 1950 1838 2016 ceteris
1886 1948 2117 2016 Siculis
2165 1949 2267 2014 de-

171 2051 226 2092 20
254 2038 686 2123 spoliaretur?
769 2037 838 2103 Si
883 2061 1159 2124 emeras„
1210 2041 1365 2124 quid
1410 2045 1577 2123 erat,
1625 2038 1797 2124 quod
1840 2038 2267 2103 confirmabat

254 2148 324 2191 se
379 2127 497 2191 abs
551 2130 618 2191 te
675 2130 1018 2211 argentum
1071 2149 1209 2192 esse
1254 2130 1710 2213 repetiturum,
1766 2127 1824 2192 si
1867 2126 1935 2190 id
1978 2126 2104 2191 tibi
2150 2148 2267 2192 sua

251 2215 591 2280 voluntate
626 2214 1048 2279 vendiderat?
1121 2214 1221 2279 Tu
1263 2238 1459 2300 porro
1505 2238 1729 2301 posses
1773 2215 2008 2297 facere,
2051 2218 2125 2279 ut
2154 2213 2267 2279 Cn.

254 2300 506 2368 Calidio
560 2324 692 2368 non
746 2301 1087 2368 redderes?
1151 2304 1536 2386 praesertim
1581 2327 1728 2370 cum
1772 2305 1830 2368 is
1875 2302 1946 2369 L.
1979 2301 2267 2386 Sisenna,

254 2390 588 2455 defensore
664 2394 806 2474 tuo,
886 2393 1025 2455 tam
1102 2389 1515 2455 familiariter
1585 2396 1903 2476 uteretur,
1984 2396 2052 2457 et
2122 2413 2268 2457 cum

171 2491 226 2533 25
254 2479 486 2544 ceteris
520 2478 956 2545 familiaribus
995 2476 1304 2543 Sisennae
1340 2478 1745 2545 reddidisses.
1807 2480 2101 2566 Denique
2137 2501 2267 2545 non
2305 2488 2376 2539 44

255 2568 488 2652 opinor
539 2572 931 2655 negaturum
986 2588 1127 2631 esse
1180 2570 1249 2631 te
1303 2566 1553 2630 homini
1602 2566 1908 2651 honesto,
1973 2569 2085 2633 sed
2137 2591 2270 2633 non

255 2655 656 2741 gratiosiori,
730 2678 924 2741 quam
987 2653 1103 2721 Cn.
1157 2652 1447 2720 Calidius
1521 2658 1647 2738 est,
1716 2653 1788 2719 L.
1843 2654 2131 2737 Curidio,
2202 2659 2270 2721 te

255 2748 599 2827 argentum
645 2766 763 2828 per
806 2744 1261 2827 Potamonem,
1319 2741 1597 2807 amicum
1641 2745 1855 2825 tuum,
1900 2742 2269 2807 reddidisse.

255 2829 381 2905 Qui
443 2832 702 2915 quidem
765 2836 1125 2897 ceterorum
1179 2852 1443 2897 causam
1495 2830 1665 2915 apud
1719 2833 1787 2893 te
1841 2829 2269 2905 difficiliorem

171 2929 227 2971 ³⁰
252 2918 426 2984 fecit.
515 2917 688 2984 Nam
742 2941 889 2986 cum
942 2924 1009 2985 te
1063 2920 1505 3005 compluribus
1560 2917 2010 2984 confirmasses
2063 2918 2271 2982 reddi-

253 3012 503 3090 turum,
554 3011 981 3093 posteaquam
1027 3006 1328 3074 Curidius
1383 3029 1502 3093 pro
1559 3004 1936 3072 testimonio
1994 3005 2155 3069 dixit
2203 3009 2270 3071 te

255 3096 382 3161 sibi
418 3095 789 3180 reddidisse,
828 3097 1024 3161 finem
1060 3096 1367 3162 reddendi
1401 3095 1633 3179 fecisti,
1680 3095 1852 3180 quod
1887 3093 2271 3159 intellexisti

252 3185 494 3269 praeda
563 3188 631 3250 te
705 3185 781 3249 de
854 3185 1155 3250 manibus
1230 3186 1472 3250 amissa
1535 3182 1985 3250 testimonium
2047 3186 2272 3248 tamen

255 3274 536 3359 effugere
581 3295 713 3339 non
756 3294 966 3362 posse.
1047 3272 1163 3340 Cn.
1201 3271 1481 3358 Calidio,
1537 3273 1741 3359 equiti
1784 3272 2080 3338 Romano
2090 3321 2109 3357 ,
2154 3293 2270 3356 per

171 3368 226 3411 ⁸⁵
255 3361 464 3426 omnis
531 3362 696 3427 alios
760 3365 1094 3447 praetores
1157 3361 1343 3427 licuit
1404 3362 1644 3428 habere
1706 3364 2052 3448 argentum
2106 3360 2269 3426 bene

252 3449 527 3535 factum,
598 3450 785 3516 licuit
855 3472 1047 3535 posse
1116 3449 1487 3516 domesticis
1551 3450 1783 3535 copiis,
1854 3472 2001 3515 cum
2063 3448 2267 3537 magi-

257 3540 537 3602 stratum
585 3542 698 3603 aut
744 3539 1026 3622 aliquem
1073 3539 1471 3625 superiorem
1516 3540 1879 3625 invitasset,
1927 3560 2155 3605 ornare
2202 3540 2269 3604 et
