2566 4016
710 226 843 281 LIB.
874 226 925 281 V
989 226 1144 281 CAP.
1184 233 1323 282 6-8
1362 232 1393 292 s
1431 235 1652 283 14—20.
2060 231 2194 296 435

157 393 392 455 xcerem
464 370 669 437 conici
741 371 937 436 iubet.
1038 368 1338 436 Clamare
1408 369 1547 453 ille,
1621 392 1765 435 cum
1838 378 2193 459 raperetur,

178 459 345 526 nihil
393 480 462 524 se
507 458 814 523 miserum
858 456 1117 542 fecisse,
1168 457 1336 522 nihil
1383 457 1809 542 commisisse,
1853 462 2195 545 pecuniam

182 548 309 613 sibi
347 568 486 612 esse
530 547 601 610 in
644 546 1036 630 nominibuS,
1079 549 1488 610 numeratam
1533 546 1602 610 in
1646 547 2016 628 praesentia
2059 571 2193 615 non

180 636 438 701 habere.
493 633 716 700 ·Haec
788 656 932 699 cum
1006 634 1287 699 maxime
1354 655 1607 699 summa
1668 633 2005 700 hominum
2068 635 2195 707 fre-

121 744 150 786 5
183 724 448 809 quentia
472 722 949 805 testificaretur,
986 724 1061 786 ut
1098 722 1309 805 quivis
1346 721 1728 807 intellegere
1763 727 1989 806 posset
2029 745 2194 809 eum,

183 811 356 896 quod
403 811 741 895 pecuniam
785 831 919 875 non
964 809 1273 893 dedisset,
1327 809 1564 875 idcirco
1611 808 1730 874 illa
1774 814 1913 876 tam
1961 812 2192 877 acerba
2226 888 2232 895 ,

179 899 416 965 iniuria
475 898 648 964 affici
701 934 789 944 —
844 920 988 963 cum
1044 898 1352 991 maxime,
1413 901 1490 963 ut
1543 896 1711 982 dico,
1774 899 1899 965 hoc
1955 900 2031 964 de
2087 922 2193 985 pe-

180 988 369 1054 cunia
415 988 754 1068 clamaret,
798 986 869 1051 in
911 986 1126 1051 vincla
1171 985 1497 1051 coniectus
1546 989 1662 1049 est.

311 1074 547 1139 Videte
611 1074 1044 1139 constantiam
1107 1074 1457 1158 praetoris,
1522 1076 1588 1137 et
1651 1073 1787 1138 eius
1851 1077 2192 1160 praetoris,
2231 1050 2300 1175 ᾗ

37 1216 40 1253 ,ἶ
90 1185 150 1225 10
183 1163 294 1248 qui
356 1163 427 1225 in
489 1160 592 1224 his
656 1160 848 1225 rebus
911 1182 1043 1225 non
1104 1161 1201 1225 ita
1256 1160 1663 1244 defendatur,
1725 1164 1800 1226 ut
1854 1163 2192 1229 mediocris

182 1253 464 1335 praetor,
501 1248 613 1313 sed
648 1248 744 1312 ita
780 1247 1096 1331 laudetur,
1140 1251 1215 1312 ut
1252 1248 1538 1332 optimus
1575 1249 1948 1333 imperator.
2032 1249 2192 1316 Cum

185 1358 521 1402 servorum
574 1335 823 1400 bellum
876 1336 1298 1419 metueretur,
1354 1357 1481 1420 quo
1535 1337 1850 1421 supplicio
1899 1337 2193 1403 dominos

182 1425 592 1489 indemnatos
631 1423 990 1507 adficiebat,
1034 1424 1158 1489 hoc
1194 1445 1417 1489 servos
1456 1424 1796 1491 damnatos
1843 1426 2193 1511 liberabat3

183 1512 630 1598 Apollonium,
664 1512 995 1577 hominem
1031 1512 1633 1598 locupletissimum,
1671 1513 1799 1598 qui,
1838 1515 1895 1579 si
1928 1515 2195 1601 fugitivi

37 1602 42 1675 ζ
90 1622 151 1664 15
180 1602 428 1681 bellum
467 1600 537 1665 in
572 1598 794 1666 Sicilia
827 1599 1131 1683 facerent,
1178 1601 1618 1685 amplissimas
1658 1601 1957 1667 fortunas
2007 1603 2194 1668 amit-

181 1694 370 1772 teret,
404 1689 566 1754 belli
601 1687 1028 1774 fugitivorum
1064 1689 1325 1754 nomine
1361 1689 1606 1753 indicta
1643 1711 1838 1755 causa
1873 1691 1942 1754 in
1979 1692 2195 1756 vincla

184 1777 484 1859 coniecit3
521 1798 759 1861 servos,
796 1798 956 1860 quos
985 1777 1125 1861 ipse
1154 1776 1232 1840 de
1261 1776 1513 1841 consilii
1543 1777 1865 1841 sententia
1900 1777 2061 1841 belli
2095 1777 2193 1842 fa-

184 1863 390 1929 ciendi
406 1864 601 1930 causa
615 1865 1015 1929 consensisse
1034 1863 1362 1947 iudicavit,
1377 1884 1488 1927 eos
1510 1863 1646 1927 sine
1668 1864 1924 1928 consilii
1944 1868 2193 1929 senten-

36 2022 41 2036 ,
183 1953 279 2018 tia
305 1973 423 2018 sua
447 1954 678 2036 sponte
703 1951 880 2016 omni
906 1950 1223 2035 supplicio
1252 1949 1574 2016 liberavit.
1623 1949 1832 2026 Quid?
1862 1952 1920 2016 si
1949 1952 2195 2037 aliquid
2232 1967 2298 2018 19

37 2041 46 2126 ζ
88 2062 151 2103 20
184 2041 267 2106 ab
305 2039 661 2125 Apollonio
718 2039 1133 2104 commissum
1190 2041 1316 2122 est,
1372 2061 1566 2123 quam
1617 2040 1701 2104 ob
1748 2060 1886 2104 rem
1930 2041 2001 2104 in
2046 2064 2193 2107 eum

39 2129 47 2150 ⁵
182 2130 322 2194 iure
359 2127 998 2209 animadverteretur,
1044 2130 1346 2191 tamenne
1383 2126 1552 2192 hanc
1588 2149 1726 2191 rem
1769 2128 1860 2193 sic
1907 2150 2194 2214 agemus,

182 2221 258 2282 ut
298 2215 555 2283 crimini
600 2219 715 2279 aut
756 2213 1038 2280 invidiae
1082 2234 1192 2278 reo
1239 2217 1540 2299 putemus
1588 2237 1726 2279 esse
1773 2221 2090 2301 oportere,
2138 2219 2195 2282 si

186 2325 313 2387 quo
352 2303 428 2368 de
473 2303 735 2367 homine
782 2302 1067 2368 severius
1113 2301 1537 2367 iudicaverit?
1619 2301 1768 2368 Non
1815 2325 2008 2390 agam
2056 2309 2193 2370 tam

185 2392 439 2475 acerbe,
509 2412 642 2456 non
708 2395 858 2455 utar
918 2391 1049 2455 ista
1113 2390 1516 2457 accusatoria
1578 2392 2064 2477 consuetudine,
2138 2395 2199 2459 si-

39 2467 46 2504 ⁵
86 2498 150 2544 25
185 2479 336 2564 quid
393 2483 495 2544 est
544 2479 790 2545 factum
847 2479 1222 2563 clementer,
1280 2483 1355 2543 ut
1409 2479 1722 2546 dissolute
1774 2479 2020 2547 factum
2077 2482 2194 2547 cri·

38 2557 44 2596 ¹
163 2568 414 2651 ‘miner,
470 2568 526 2633 si
580 2566 735 2652 quid
789 2567 1184 2633 vindicatum
1238 2571 1341 2632 est
1386 2588 1631 2651 severe,
1686 2572 1761 2634 ut
1806 2591 1882 2633 ex
1929 2591 2004 2635 eo
2052 2592 2193 2636 cru-

184 2656 473 2721 delitatis
526 2655 838 2721 invidiam
893 2655 1217 2742 colligam.
1308 2654 1460 2721 Non
1507 2676 1701 2741 agam
1745 2656 1877 2721 ista
1922 2658 2192 2741 ratione,

181 2747 298 2807 tua
327 2763 557 2826 sequar
583 2743 836 2826 iudicia,
870 2747 1054 2808 tuam
1092 2743 1430 2808 defendam
1469 2744 1943 2828 auctoritatem,
1981 2745 2194 2829 quoad

183 2835 257 2894 tu
294 2831 502 2912 voles3
547 2830 742 2894 simul
779 2852 855 2895 ac
891 2835 1032 2895 tute
1068 2831 1355 2915 coeperis
1393 2835 1508 2895 tua
1542 2830 1779 2896 iudicia
1814 2832 2192 2918 rescindere,

85 2940 149 2983 so
183 2917 347 2983 mihi
400 2937 770 2982 suscensere
825 2917 1130 3000 desinito3
1188 2939 1333 2982 meo
1387 2918 1526 2983 iure
1582 2918 1753 2982 enim
1787 2919 2193 2999 ,contendam

184 3028 350 3090 eum,
396 3004 506 3089 qui
544 3024 661 3070 suo
698 3003 932 3070 iudicio
971 3004 1314 3069 damnatus
1354 3005 1459 3089 sit,
1504 3005 1865 3071 iuratorum
1910 3006 2193 3072 iudicum

183 3092 523 3161 sententiis
571 3091 865 3157 damnari
910 3096 1225 3176 oportere.
1308 3089 1461 3158 Non
1506 3092 1843 3158 defendam
1879 3094 2192 3180 Apolloni
2228 3108 2295 3158 20

182 3205 471 3265 causam,
518 3179 709 3247 amici
754 3184 949 3265 atque
994 3180 1274 3266 hospitis
1322 3180 1475 3264 mei,
1528 3202 1609 3245 ne
1654 3185 1840 3247 tuum
1884 3182 2190 3249 iudicium

183 3271 403 3337 videar
435 3268 822 3352 rescindere3
857 3268 1022 3334 nihil
1061 3269 1138 3334 de
1172 3268 1456 3334 hominis
1492 3267 1894 3356 frugalitate,
1931 3271 2191 3357 virtute,

86 3381 146 3424 35
184 3359 524 3445 diligentia
579 3357 815 3441 dicam3
867 3357 1388 3441 praetermittam
1443 3357 1607 3423 illud
1660 3358 1884 3444 etiam,
1939 3359 2017 3424 de
2065 3381 2190 3443 quo

183 3450 334 3512 ante
380 3446 530 3530 dixi,
577 3445 875 3511 fortunas
923 3446 1058 3511 eius
1103 3446 1200 3513 ita
1244 3446 1633 3512 constitutas
1678 3446 1878 3513 fuisse
1922 3446 2192 3534 familia,

179 3536 437 3620 pecore,
490 3534 696 3620 villis,
748 3534 1037 3620 pecuniis
1084 3533 1374 3620 creditis,
1423 3538 1498 3601 ut
1540 3535 1786 3601 nemini
1828 3537 2042 3603 minus
2089 3558 2190 3603 ex-

1656 3638 1767 3695 28*

36 1305 41 1345 i

36 1450 42 1523 ἰ
