2566 4016
334 239 467 302 490
551 223 560 232 '
934 235 1014 290 m
1052 235 1109 292 c.
1138 236 1446 291 VERREM
1483 235 1639 291 Acr.
1678 237 1746 290 11.

335 402 531 446 causa
582 377 700 446 tua
755 380 870 466 sit,
923 383 989 445 et
1045 380 1198 464 quid
1253 381 1330 446 de
1375 384 1442 445 te
1466 379 1782 445 ,futurum
1828 379 1940 464 sit,
1996 379 2091 444 sic
2134 383 2356 446 tecum

336 490 546 554 agam.
618 468 898 535 Gavium
933 467 1149 552 istum,
1196 490 1389 553 quem
1425 469 1836 552 repentinum
1876 467 2355 551 speculatorem

332 557 537 623 fuisse
602 557 787 640 dicis,
851 556 1188 622 ostendam
1251 557 1323 621 in
1385 556 1738 621 lautumias
1795 553 2130 640 Syracusis
2188 578 2229 620 a
2286 561 2356 622 te

336 667 479 711 esse
533 646 921 730 coniectum,
973 665 1181 729 neque
1226 644 1294 709 id
1341 645 1554 710 solum
1598 665 1677 710 ex
1721 643 1963 709 litteris
2011 644 2355 710 ostendam

336 732 916 819 Syracusanorum,
959 753 1041 797 ne
1086 733 1300 816 possis
1349 733 1557 798 dicere
1603 753 1735 817 me,
1780 731 1933 817 quia
1978 732 2068 796 sit
2113 733 2356 816 aliquis
2383 753 2407 794 ⁵

335 824 406 887 in
459 822 697 886 litteris
745 819 1015 904 Gavius,
1068 819 1193 885 hoc
1245 821 1493 907 fingere
1549 824 1616 884 et
1671 820 1910 905 eligere
1958 841 2226 904 nomen,
2279 826 2359 886 ut

335 910 506 975 hunc
541 910 731 973 illum
768 929 908 973 esse
944 909 1192 993 possim
1230 909 1458 992 dicere,
1504 907 1616 973 sed
1653 908 1735 972 ad
1772 907 2119 973 arbitrium
2165 913 2359 975 tuum

334 997 524 1063 testis
564 996 749 1080 dabo,
796 996 909 1080 qui
943 996 1145 1061 istum
1180 997 1397 1081 ipsum
1435 995 1774 1080 Syracusis
1825 992 1942 1061 abs
1988 1000 2055 1060 te
2102 997 2174 1060 in
2221 996 2361 1062 lau-

333 1085 574 1150 tumias
620 1084 981 1150 coniectum
1026 1105 1167 1148 esse
1214 1084 1451 1150 dicant.
1531 1083 1895 1149 Producam
1940 1084 2141 1148 etiam
2192 1083 2360 1150 Con-

334 1195 528 1239 sanos
593 1172 949 1256 municipes
1011 1172 1219 1242 illius,
1254 1195 1330 1238 ac
1392 1172 1818 1256 necessarios,
1883 1172 1995 1255 qui
2053 1175 2120 1236 te
2180 1193 2363 1239 nunc
2389 1194 2437 1233 ιο

334 1283 478 1327 sero
517 1261 809 1344 doceant,
844 1260 1085 1325 iudices
1120 1282 1254 1326 non
1291 1281 1454 1342 sero,
1492 1260 1682 1329 illum
1718 1259 1789 1324 P.
1810 1258 2109 1341 Gavium,
2155 1281 2363 1343 quem

331 1354 408 1414 tu
458 1349 530 1413 in
583 1370 836 1414 crucem
891 1348 1111 1434 egisti,
1164 1349 1370 1414 civem
1416 1348 1785 1413 Romanum
1841 1351 1908 1412 et
1958 1346 2363 1434 municipem

334 1435 731 1520 Consanum,
775 1457 909 1501 non
953 1437 1427 1519 speculatorem
1472 1435 1897 1521 fugitivorum
1941 1434 2163 1500 fuisse.

465 1522 628 1589 Cum
674 1523 833 1587 haec
880 1523 1125 1606 omnia,
1171 1545 1337 1607 quae
1381 1523 1722 1608 polliceor,
1766 1524 2094 1590 cumulate
2130 1523 2182 1606 †
2221 1525 2361 1591 tuis

330 1611 643 1697 proximis
689 1610 889 1694 plana
932 1609 1165 1696 fecero,
1208 1615 1352 1676 tum
1396 1612 1567 1677 istuc
1609 1613 1827 1696 ipsum
1873 1613 2128 1694 teneb0,
2179 1614 2363 1696 quod
2389 1632 2435 1673 ¹5

332 1699 449 1765 abs
512 1702 581 1763 te
645 1698 807 1779 mihi
871 1697 1089 1783 datur,
1161 1721 1236 1764 eo
1302 1703 1679 1765 contentum
1742 1721 1845 1764 me
1910 1720 2051 1763 esse
2118 1699 2362 1767 dicam.

332 1787 502 1866 Quid
565 1787 737 1852 enim
793 1808 1001 1872 nuper
1054 1792 1129 1852 tu
1171 1787 1341 1871 ipse,
1405 1809 1550 1853 cum
1602 1787 1830 1873 populi
1884 1786 2170 1853 Romani
2229 1790 2363 1855 cla·

331 1897 509 1941 more
570 1879 765 1960 atque
818 1875 1067 1959 impetu
1120 1876 1541 1961 perturbatus
1598 1875 1944 1960 exsiluisti,
2008 1876 2198 1960 quid,
2259 1877 2364 1942 in-

331 1986 555 2049 quam,
627 1964 884 2030 locutus
951 1962 1064 2029 es?
1162 1963 1388 2050 Illum,
1462 1964 1633 2049 quod
1705 1985 1959 2030 moram
2024 1965 2362 2048 supplicio

331 2056 697 2137 quaereret,
749 2052 893 2117 ideo
948 2052 1321 2119 clamitasse
1376 2074 1446 2117 se
1501 2074 1643 2117 esse
1698 2053 1903 2119 civem
1958 2051 2362 2141 Romanum,
2388 2073 2436 2115 no

331 2140 444 2205 sed
505 2139 977 2226 speculatorem
1035 2140 1254 2206 fuisse.
1344 2140 1487 2206 Iam
1540 2140 1670 2206 mei
1723 2144 1925 2205 testes
1980 2141 2118 2205 veri
2177 2148 2363 2209 sunt.

330 2226 499 2305 Quid
553 2228 724 2293 enim
779 2227 936 2294 dicit
965 2228 1166 2294 -aliud
1220 2227 1290 2293 O.
1335 2227 1772 2314 Numitorius,
1827 2227 1979 2312 quid
2031 2227 2119 2293 M.
2163 2234 2239 2295 et
2286 2231 2364 2297 P.

330 2314 561 2400 Cottii,
622 2316 1015 2382 nobilissimi
1076 2316 1373 2384 homines
1429 2338 1506 2381 ex
1560 2338 1719 2402 agro
1776 2315 2365 2404 Tauromenitano,

331 2404 486 2487 quid
550 2403 623 2477 Q.
653 2403 985 2469 -Lucceius
995 2454 1013 2488 ,
1078 2405 1189 2488 qui
1253 2404 1694 2490 argentariam
1757 2403 1926 2490 Regi
1990 2404 2364 2473 maximam

325 2489 507 2573 fecit,
565 2489 718 2573 quid
773 2491 1012 2555 ceteri?
1094 2490 1324 2574 Adhuc
1379 2492 1551 2557 enim
1605 2497 1807 2557 testes
1858 2513 1935 2556 ex
1982 2513 2057 2557 eo
2107 2513 2363 2579 genere
2389 2511 2438 2553 Β

328 2600 368 2643 a
411 2599 514 2643 me
567 2581 719 2642 sunt
765 2577 927 2662 dati,
979 2600 1113 2644 non
1158 2580 1270 2664 qui
1315 2580 1572 2645 novisse
1620 2578 1922 2664 Gavium,
1977 2579 2093 2644 sed
2137 2602 2216 2646 se
2263 2585 2366 2648 vi·

328 2666 498 2731 disse
555 2665 866 2750 dicerent,
921 2688 1066 2732 cum
1121 2668 1206 2751 is,
1262 2668 1375 2752 qui
1420 2689 1490 2733 se
1536 2668 1741 2733 civem
1785 2668 2153 2734 Romanum
2208 2692 2367 2742 esse

328 2754 668 2840 clamaret,
710 2754 782 2819 in
826 2776 1078 2821 crucem
1124 2760 1445 2842 ageretur.
1525 2755 1668 2820 Hoc
1712 2759 1814 2840 tu,
1857 2754 2097 2821 Verres
2105 2807 2125 2840 ,
2171 2757 2369 2826 idem

327 2842 505 2928 diois,
548 2843 673 2908 hoc
709 2846 783 2908 tu
820 2843 1167 2927 confiteris,
1212 2844 1402 2909 illum
1440 2844 1812 2909 clamitasse
1849 2865 1917 2910 se
1955 2844 2160 2910 civem
2206 2867 2368 2913 esse

325 2930 720 3014 Romanum3
758 2931 930 3016 apud
965 2935 1032 2996 te
1067 2952 1305 2996 nomen
1341 2931 1627 2998 civitatis
1663 2953 1746 2997 ne
1782 2935 2041 2996 tantum
2080 2932 2371 3016 quidem
2395 2953 2443 2994 sn

323 3019 637 3104 valuisse,
706 3021 783 3084 ut
847 3018 1321 3084 dubitationem
1386 3019 1700 3105 aliquam,
1770 3023 1846 3084 ut
1908 3019 2371 3089 crudelissimi

324 3105 812 3190 taeterrimique
842 3106 1140 3191 supplicii
1180 3108 1465 3192 aliquam
1502 3130 1776 3193 parvam
1812 3128 2062 3173 moram
2103 3110 2372 3178 saltem

222 3204 323 3258 166
359 3198 583 3278 posset
628 3194 895 3262 adferre.
975 3193 1118 3260 Hoc
1165 3199 1381 3280 teneo,
1434 3196 1540 3261 hic
1585 3196 1848 3280 haereo,
1901 3195 2175 3280 iudiceS,
2227 3199 2373 3266 hoc

326 3304 468 3347 sum
533 3287 874 3348 contentus
937 3304 1092 3366 unc,
1158 3284 1393 3349 omitto
1455 3305 1530 3348 ac
1581 3284 1862 3371 neglego
1918 3286 2158 3368 cetera3
2235 3309 2374 3354 sua

324 3368 728 3435 confessione
792 3369 1097 3436 induatur
1161 3393 1235 3437 ac
1296 3371 1630 3458 iuguletur
1685 3393 1944 3438 necesse
2004 3375 2124 3437 est.
2227 3373 2373 3451 Qui
2401 3392 2449 3434 ³⁵

326 3460 523 3536 esset,
577 3457 929 3541 ignorabas
940 3507 957 3541 ,
1009 3459 1482 3542 speculatorem
1530 3481 1670 3525 esse
1718 3458 2164 3545 suspicabare3
2216 3484 2375 3530 non

326 3556 583 3623 quaero,
630 3564 759 3624 qua
796 3545 1179 3631 suspicione,
1224 3550 1342 3612 tua
1377 3550 1444 3612 te
1487 3569 1716 3614 accuso
1764 3547 2086 3613 oratione:
2135 3548 2376 3618 civem

227 1496 314 1560 64

228 1572 330 1623 165
