2566 4016
283 239 368 305 ΊΟ
609 239 752 295 PRO
791 239 943 295 SEX.
983 237 1242 295 ROSCIO
1282 237 1619 293 AMERINO
1658 237 1945 293 ORATIO.

279 406 449 463 num,
506 405 653 452 cum
708 385 787 449 de
840 384 966 449 hoc
1013 383 1375 467 quaeritur3
1428 404 1544 448 vos
1593 382 1764 447 enim
1811 381 2107 447 dominos
2160 403 2302 447 esse

282 474 512 539 dicitis.
552 508 635 561 ‘'T·
675 470 840 538 Cum
870 470 1299 557 Chrysogono
1339 474 1506 535 sunt.
1550 506 1633 517 —
1665 470 1772 535 Ita
1808 469 2026 553 cred03
2062 470 2302 535 litteris

282 583 504 626 eorum
561 564 630 626 et
694 560 1067 625 urbanitate
1122 558 1589 644 Chrysogonus
1652 557 1906 622 ducitur
1916 608 1934 639 ,
1996 562 2071 623 ut
2134 558 2305 623 inter

282 670 435 715 suos
483 649 771 714 omnium
817 647 1192 713 deliciarum
1238 649 1434 731 atque
1472 646 1761 711 omnium
1801 645 2041 710 artium
2078 666 2305 731 pueru-

284 738 385 803 los
432 760 510 802 ex
555 741 659 802 tot
703 736 1208 823 elegantissimis
1251 734 1523 800 familiis
1569 735 1775 799 lectos
1813 733 1983 799 velit·
2009 734 2131 799 hos
2168 755 2306 799 ver·
2332 759 2357 801 5

286 826 447 911 sari,
492 825 787 890 homines
833 846 1037 909 paene
1084 824 1436 909 operarioS,
1483 844 1560 888 ex
1604 820 1919 886 Amerina
1965 821 2309 907 disciplina

184 932 282 980 121
322 913 531 999 patris
587 912 877 977 familiae
931 912 1261 977 rusticani.
1352 910 1504 976 Non
1556 910 1653 976 ita
1698 913 1799 975 est
1843 908 2163 996 profecto,
2218 910 2307 975 iu-

286 1001 485 1085 dices3
546 1022 679 1065 non
743 1004 843 1065 est
904 1001 1041 1065 veri
1104 999 1343 1082 simile,
1402 1002 1477 1063 ut
1541 996 2004 1083 Chrysogonus
2073 998 2306 1063 horum

287 1090 543 1154 litteras
581 1088 904 1154 adamarit
940 1091 1053 1153 aut
1088 1087 1585 1169 humanitatem,
1620 1107 1753 1151 non
1790 1089 1865 1150 ut
1901 1086 1996 1150 rei
2031 1085 2305 1150 familia-

286 1177 377 1241 ris
421 1177 687 1263 negotio
734 1176 1142 1263 diligentiam
1188 1173 1487 1261 cognorit
1532 1194 1756 1239 eorum
1803 1178 1869 1238 et
1912 1173 2121 1239 fidem.
2179 1172 2305 1237 Est
2335 1198 2388 1238 ιο

288 1265 620 1350 quiddam,
683 1264 857 1349 quod
921 1265 1311 1346 occultatur3
1383 1261 1556 1347 quod
1616 1282 1743 1346 quo
1809 1261 2159 1327 studiosius
2223 1261 2307 1326 ab

324 1353 468 1417 istis
516 1354 906 1438 opprimitur
953 1358 1019 1417 et
1065 1351 1509 1434 absconditur,
1566 1371 1641 1415 eo
1688 1350 1900 1435 magis
1955 1350 2198 1415 eminet
2244 1353 2310 1414 et

181 1425 287 1549 322
327 1444 614 1525 apparet.
706 1440 874 1516 Quid
917 1440 1164 1527 igitur?
1255 1438 1722 1524 Chrysogonus
1771 1438 1953 1502 suine
2006 1437 2309 1524 maleficii

326 1527 693 1593 occultandi
738 1548 934 1593 causa
968 1527 1415 1612 quaestionem
1452 1526 1531 1591 de
1565 1526 1647 1590 iis
1685 1526 1913 1591 haberi
1953 1547 2087 1591 non
2122 1525 2308 1590 vult?

286 1614 582 1700 Minime,
636 1614 906 1700 iudices3
957 1636 1089 1680 non
1141 1614 1209 1679 in
1264 1635 1489 1679 omnes
1550 1613 1840 1678 arbitror
1891 1614 2109 1679 omnia
2164 1635 2308 1679 con·
2338 1638 2388 1679 15

287 1703 525 1768 venire.
595 1701 743 1789 Ego
779 1704 849 1768 in
875 1702 1330 1789 Chrysogono,
1376 1702 1548 1786 quod
1585 1701 1667 1767 ad
1703 1723 1806 1766 me
1844 1702 2098 1780 attinet,
2143 1701 2310 1766 nihil

260 1791 424 1856 ‚eius
471 1790 647 1857 modi
692 1792 1010 1876 suspicor3
1068 1811 1282 1875 neque
1321 1790 1450 1855 hoc
1491 1790 1655 1854 mihi
1698 1810 1869 1855 nunc
1913 1789 2196 1873 primum
2241 1790 2312 1853 in

285 1882 572 1945 mentem
632 1879 811 1945 venit
859 1880 1083 1945 dicere.
1171 1877 1562 1943 Meministis
1609 1898 1713 1943 me
1757 1878 1853 1942 ita
1899 1877 2309 1943 distribuisse

286 1967 474 2033 initio
516 1989 804 2034 causam:
851 1968 920 2033 in
956 1967 1217 2053 crimen,
1256 1966 1436 2033 cuius
1472 1969 1616 2032 tota
1653 1966 2133 2053 argumentatio
2170 1987 2312 2052 per-

283 2056 486 2122 missa
518 2055 755 2123 Erucio
802 2061 920 2142 est,
964 2060 1031 2122 et
1073 2057 1144 2121 in
1183 2056 1537 2139 audaciam,
1581 2055 1761 2120 cuius
1796 2058 2017 2140 partes
2053 2053 2309 2120 Rosciis
2340 2080 2395 2120 20

282 2144 629 2228 impositae
702 2148 870 2209 sunt.
969 2143 1285 2226 Quicquid
1348 2143 1676 2224 maleficii,
1743 2143 2030 2226 sceleris,
2093 2141 2307 2208 caedis

286 2232 439 2313 erit,
494 2232 831 2317 proprium
885 2231 952 2295 id
1005 2231 1389 2296 Rosciorum
1445 2250 1586 2295 esse
1641 2230 1919 2295 debebit.
2018 2228 2310 2295 Nimiam

286 2318 569 2405 gratiam
629 2318 1117 2403 potentiamque
1176 2315 1590 2403 Chrysogoni
1653 2318 1922 2384 dicimus
1987 2323 2054 2383 et
2115 2318 2309 2383 nobis

287 2406 551 2471 obstare
623 2409 689 2471 et
760 2405 1035 2491 perferri
1107 2407 1294 2471 nullo
1356 2406 1550 2471 modo
1614 2427 1807 2491 posse
1871 2411 1937 2470 et
2000 2428 2040 2471 a
2101 2406 2311 2489 vobis,

287 2492 594 2578 quoniam
630 2496 923 2578 potestas
960 2494 1114 2559 data
1150 2497 1270 2578 est,
1303 2515 1436 2559 non
1472 2494 1665 2560 modo
1703 2494 2037 2577 infirmari,
2081 2514 2310 2558 verum
2340 2520 2396 2561 25

183 2602 285 2652 123
321 2580 519 2647 etiam
559 2580 875 2647 vindicari
910 2586 1228 2668 oportere.
1292 2580 1438 2667 Ego
1468 2583 1561 2647 sic
1589 2581 1907 2666 existimo,
1946 2581 2058 2665 qui
2084 2582 2312 2665 quaeri

285 2669 446 2733 velit
499 2691 582 2734 ex
623 2669 730 2754 iis,
785 2691 948 2755 quos
994 2673 1279 2754 constat,
1336 2691 1480 2735 cum
1528 2670 1751 2735 caedes
1797 2670 1975 2735 facta
2031 2669 2147 2752 sit,
2204 2669 2313 2733 ad-

283 2756 515 2842 fuisse,
569 2779 717 2823 eum
763 2780 993 2843 cupere
1040 2779 1264 2825 verum
1309 2757 1613 2841 inveniri3
1668 2757 1781 2842 qui
1823 2760 2075 2823 recuset
2087 2807 2105 2841 ,
2160 2777 2312 2822 eum

282 2845 596 2931 profecto,
642 2846 908 2911 tametsi
954 2847 1151 2911 verbo
1197 2867 1331 2911 non
1378 2845 1630 2927 audeat,
1675 2848 1896 2910 tamen
1941 2866 2011 2909 re
2055 2845 2202 2930 ipsa
2229 2845 2311 2909 de

284 2933 601 3000 maleficio
649 2954 767 2999 suo
814 2934 1124 2999 confiteri.
1213 2933 1369 2998 Dixi
1412 2933 1629 3014 initio,
1674 2932 1934 3014 iudices,
1978 2933 2156 2997 nolle
2202 2954 2310 2996 me
2343 2958 2401 2997 30

283 3022 475 3106 plura
522 3021 600 3086 de
644 3021 925 3086 istorum
971 3022 1211 3101 scelere
1258 3021 1486 3105 dicere,
1537 3042 1731 3104 quam
1778 3042 1973 3086 causa
2016 3020 2312 3104 postula·

283 3112 386 3173 ret
439 3130 515 3175 ac
567 3110 919 3175 necessitas
972 3110 1118 3195 ipsa
1172 3113 1452 3195 cogeret.
1541 3107 1716 3174 Nam
1771 3112 1837 3173 et
1896 3108 2142 3172 multae
2203 3128 2310 3172 res

285 3195 525 3261 adferri
576 3201 882 3282 possunt,
945 3200 1013 3261 et
1066 3218 1196 3262 una
1249 3218 1540 3281 quaeque
1595 3218 1818 3262 earum
1869 3195 2095 3261 multis
2158 3216 2310 3261 cum

285 3285 687 3368 argumentis
735 3285 860 3350 dici
904 3287 1141 3370 potest.
1220 3283 1466 3350 Verum
1513 3304 1663 3370 ego,
1723 3284 1896 3369 quod
1940 3283 2185 3350 invitus
2234 3304 2312 3348 ac

282 3371 644 3437 necessario
707 3372 905 3457 facio,
967 3394 1175 3457 neque
1241 3372 1353 3438 diu
1414 3393 1621 3457 neque
1685 3371 2032 3459 diligenter
2093 3371 2311 3437 facere
2344 3395 2405 3438 ³5

282 3477 569 3542 possum.
679 3459 866 3535 Quae
919 3460 1261 3545 praeteriri
1324 3460 1504 3526 nullo
1568 3459 1760 3525 modo
1824 3463 2156 3545 poterant,
2233 3480 2312 3523 ea

282 3543 535 3625 leviter,
578 3545 838 3629 iudiceS,
884 3548 1097 3633 attigi,
1144 3569 1308 3632 quae
1352 3547 1569 3632 posita
1614 3551 1763 3613 sunt
1809 3548 1880 3612 in
1926 3547 2314 3633 suspicioni-
