2566 4016
378 226 512 289 464
979 224 1057 278 IN
1094 222 1150 277 C.
1178 220 1488 276 VERREM
1522 219 1684 275 AGT.
1724 220 1790 274 11.

379 390 576 435 naves
620 367 1063 452 reliquissent,
1119 365 1417 453 accedere
1461 365 1780 450 incipiunt
1827 363 1966 445 [ad]
2014 361 2437 448 Syracusas3

383 458 495 543 qui
520 456 822 523 videlicet
849 476 1040 539 saepe
1078 454 1408 518 audissent
1442 452 1609 517 nihil
1648 473 1789 516 esse
1824 452 2170 537 pulchrius
2216 474 2435 536 quam

383 545 851 631 Syracusarum
904 543 1161 608 moenia
1216 563 1292 606 ac
1336 544 1594 624 portus,
1618 621 1626 627 υ
1650 544 2017 606 statuerant
2066 561 2173 625 se,
2236 541 2303 605 si
2355 563 2434 606 ea

386 635 590 701 Verre
632 635 931 717 praetore
975 652 1107 695 non
1150 629 1494 713 vidissent,
1537 649 1893 712 numquam
1940 650 2081 692 esse
2126 629 2433 694 visuros,

279 699 361 825 {g
387 723 484 788 Ac
546 722 756 806 primo
821 720 903 784 ad
962 719 1083 784 illa
1135 717 1386 782 aestiva
1438 716 1761 800 praetoris
1819 716 2133 781 accedunt
2195 717 2432 801 ipsam
2455 737 2475 775 5

384 813 570 876 illam
626 810 706 874 ad
755 811 1011 893 partem
1057 805 1299 889 litoris,
1351 805 1466 869 ubi
1509 804 1635 869 iste
1682 825 1798 888 per
1844 825 1953 869 eos
1999 804 2140 868 dies
2196 805 2432 870 taber-

384 898 634 964 naculis
662 895 895 981 positis
921 898 1137 960 castra
1165 893 1457 958 luxuriae
1482 893 1871 957 conlocaret.
1917 890 2123 966 Quem
2152 899 2431 976 postea·

385 1008 581 1071 quam
603 985 862 1049 inanem
891 983 1106 1049 locum
1126 981 1532 1046 offenderunt
1560 984 1625 1044 et
1652 984 2019 1065 praetorem
2039 1001 2430 1046 commosse

387 1096 465 1139 ex
501 1095 577 1137 eo
615 1073 760 1139 loco
798 1074 1017 1138 castra
1062 1072 1420 1152 senserunt,
1467 1069 1694 1133 statim
1740 1069 1878 1134 sine
1922 1068 2063 1132 ullo
2108 1075 2315 1134 metu
2362 1070 2428 1133 in

384 1163 603 1248 ipsum
654 1165 918 1245 portum
972 1162 1314 1244 penetrare
1369 1159 1733 1242 coeperunt.
1815 1154 1979 1221 Cum
2024 1155 2095 1219 in
2142 1162 2426 1241 portum
2451 1179 2481 1213 1>

389 1252 550 1334 dico,
584 1248 844 1331 iudices,
884 1244 1390 1332 (explanandum
1419 1248 1518 1308 est
1551 1244 1721 1308 enim
1759 1244 2144 1330 diligentius
2188 1267 2425 1310 eorum

388 1361 610 1423 causa,
667 1338 778 1421 qui
831 1337 1046 1401 locum
1100 1329 1441 1420 ignorant)
1494 1332 1564 1396 in
1615 1332 1844 1396 urbem
1900 1331 2041 1396 dico
2091 1336 2312 1417 atque
2360 1335 2424 1398 in

389 1428 569 1492 urbis
637 1426 958 1490 intumam
1018 1426 1276 1507 partem
1341 1420 1594 1486 venisse
1655 1420 1923 1505 piratas,
2021 1418 2187 1484 Non
2247 1424 2422 1486 enim

386 1518 582 1599 portu
634 1511 800 1575 illud
854 1509 1164 1593 oppidum
1217 1508 1569 1592 clauditur,
1625 1507 1738 1572 sed
1780 1508 1940 1572 urbe
1983 1512 2231 1592 portus
2282 1511 2422 1595 ipse

389 1600 673 1685 cingitur
709 1602 776 1662 et
811 1596 1198 1678 continetur,
1242 1601 1318 1662 ut
1357 1617 1490 1661 non
1537 1597 1888 1660 adluantur
1931 1596 2102 1660 mari
2153 1599 2424 1663 moenia
2447 1618 2473 1654 ιζ

286 1697 350 1745 97
392 1692 699 1771 extrema,
745 1686 857 1751 sed
894 1684 1035 1769 ipse
1070 1685 1303 1750 influat
1347 1684 1417 1747 in
1462 1684 1641 1748 urbis
1690 1684 1904 1748 sinum
1946 1687 2212 1769 portus,
2301 1686 2424 1751 Hic

390 1783 457 1842 te
494 1780 794 1861 praetore
831 1773 1149 1839 Heracleo
1185 1773 1404 1858 pirata
1447 1794 1594 1836 cum
1641 1775 1951 1856 quattuor
1996 1776 2424 1856 myoparoni-

391 1867 511 1931 bus
554 1864 774 1949 parvis
822 1862 903 1928 ad
951 1861 1291 1926 arbitrium
1339 1882 1526 1926 suum
1569 1860 1923 1946 navigavit.
2004 1859 2138 1924 Pro
2193 1863 2265 1927 di
2314 1864 2422 1927 im-

393 1953 729 2020 mortales!
811 1949 1151 2037 piraticus
1200 1969 1512 2034 myoparo
1522 1998 1540 2033 ,
1623 1969 1770 2013 cum
1845 1947 2103 2033 imperii
2190 1953 2422 2037 populi

390 2042 672 2108 Romani
724 2060 963 2106 nomen
1016 2059 1089 2104 ac
1132 2038 1343 2103 fasces
1390 2040 1608 2101 essent
1654 2034 1988 2121 Syracusis
1999 2087 2017 2121 ,
2072 2059 2302 2123 usque
2351 2041 2469 2106 adzo

391 2132 607 2196 forum
635 2127 1185 2213 Syracusanorum
1223 2131 1289 2190 et
1328 2127 1409 2190 ad
1446 2124 1655 2190 omnis
1694 2118 2050 2209 crepidines
2088 2128 2293 2194 urbis
2334 2152 2423 2195 ac·

393 2219 617 2301 cessit,
698 2238 827 2300 quo
899 2237 1105 2298 neque
1178 2212 1818 2300 Carthaginiensium
1891 2213 2424 2299 gloriosissimae

393 2307 662 2389 classes,
716 2326 864 2368 cum
917 2303 1084 2367 mari
1137 2302 1491 2386 plurimum
1547 2305 1880 2385 poterant,
1935 2302 2169 2368 multis
2230 2306 2423 2371 bellis

394 2415 586 2477 saepe
659 2395 928 2459 conatae
1000 2412 1310 2473 umquam
1384 2390 1716 2474 adspirare
1784 2394 2140 2474 potuerunt
2214 2416 2423 2480 neque

391 2480 619 2566 populi
663 2477 943 2542 Romani
995 2477 1239 2543 invicta
1294 2482 1443 2542 ante
1495 2482 1564 2542 te
1617 2482 1985 2562 praetorem
2032 2480 2269 2564 gloria
2314 2485 2424 2548 illa
2444 2501 2473 2538 Ξ

392 2567 647 2633 navalis
718 2586 1027 2649 umquam
1091 2569 1194 2631 tot
1254 2565 1512 2630 Punicis
1579 2562 2155 2651 Siciliensibusque
2230 2571 2423 2636 bellis

441 2660 733 2721 enetrare
795 2653 1040 2739 potuit3
1104 2654 1216 2737 qui
1277 2655 1458 2718 locus
1515 2653 1651 2718 eius
1705 2654 1881 2719 modi
1934 2659 2063 2739 est,
2127 2661 2218 2722 ut
2278 2666 2425 2724 ante

392 2681 783 2830 Syracusani
818 2742 888 2806 in
928 2742 1264 2807 moenibus
1313 2742 1464 2826 suis,
1509 2741 1581 2806 in
1624 2741 1800 2825 urbe,
1845 2743 1915 2805 in
1958 2742 2105 2807 foro
2154 2744 2424 2813 hostem
2487 2701 2490 2876 l

397 2836 722 2898 armatum
778 2853 853 2897 ac
905 2830 1220 2895 victorem
1275 2852 1469 2914 quam
1514 2830 1584 2893 in
1627 2833 1823 2914 portu
1868 2830 2073 2895 ullam
2120 2831 2423 2901 hostium

290 2934 358 2985 98
394 2943 627 2986 navem
663 2919 962 2984 viderint.
1033 2918 1159 2983 Hic
1194 2922 1262 2982 te
1299 2921 1599 3001 praetore
1635 2917 2030 3002 praedonum
2073 2923 2424 2990 naviculae
2442 2943 2465 2977 ⁵-

394 3012 790 3096 pervagatae
845 3011 1021 3090 sunt,
1074 3027 1203 3089 quo
1241 3005 1738 3070 Atheniensium
1794 3006 2023 3071 classis
2072 3009 2232 3074 sola
2280 3019 2423 3097 post

394 3098 733 3163 hominum
797 3094 1177 3159 memoriam
1232 3109 1361 3159 ccc
1415 3094 1688 3159 navibus
1742 3094 1809 3157 vi
1865 3115 1940 3159 ac
1993 3096 2422 3165 multitudine

395 3185 665 3268 invasit3
709 3205 874 3267 quae
909 3183 979 3247 in
1019 3204 1095 3246 eo
1139 3182 1286 3266 ipso
1331 3186 1526 3265 portu
1572 3181 1700 3246 loci
1744 3180 1948 3265 ipsius
1999 3184 2422 3274 [portusque]

394 3278 633 3338 natura
686 3272 857 3336 victa
910 3274 1102 3354 atque
1158 3274 1464 3352 superata
1519 3272 1636 3333 est.
1732 3267 1859 3334 Hic
1913 3270 2213 3354 primum
2276 3299 2421 3361 opes

396 3361 574 3423 illius
619 3359 904 3424 civitatis
951 3358 1385 3423 comminutae
1431 3357 1899 3441 depressaeque
1946 3363 2130 3442 sunt,
2185 3362 2266 3428 in
2312 3365 2421 3431 hoc
2440 3379 2461 3416 ε

397 3450 593 3524 portu
630 3445 1126 3511 Atheniensium
1175 3445 1570 3526 nobilitatis,
1623 3445 1908 3529 imperii,
1966 3447 2230 3532 gloriae
2278 3476 2423 3519 nau·

225 3589 228 3590 γ
294 3534 377 3595 38
397 3529 682 3610 fragium
733 3533 979 3596 factum
1027 3533 1453 3597 existimatur.
1535 3531 1719 3597 Eone
1765 3533 1984 3617 pirata
2028 3543 2420 3622 penetravit,
