2566 4016
314 208 400 273 82
697 204 841 260 PRO
878 203 940 269 Q.
978 202 1238 259 ROSCIO
1277 201 1635 259 COMOEDO
1662 202 1947 259 ORATIO.

310 348 561 414 fundum,
599 362 765 414 quem
800 361 836 399 a
868 345 1065 401 Flavio
1091 344 1330 400 Rowius
1367 347 1674 415 acceperat,
1711 343 1805 402 Hs
1836 342 2335 411 0001000,indo

310 418 543 489 petebat
583 415 678 470 HS
724 416 911 483 1000,
957 416 1119 483 quasi
1162 414 1403 474 Roscius
1444 432 1547 486 pro
1595 415 1887 483 societate,
1942 431 2057 470 non
2114 431 2219 486 pro
2271 432 2333 474 se

310 490 531 544 tantum
563 485 873 544 decidisset.
940 486 1005 541 In
1032 502 1141 555 quo
1172 486 1357 541 omnis
1383 502 1552 541 causa
1576 489 1845 543 versatur.
1902 484 2114 558 Magna
2141 488 2332 540 autem

313 557 581 613 orationis
616 574 746 628 pars
784 556 994 616 amissa
1030 558 1130 618 est

1079 770 1298 836 Multa
1338 770 1571 836 destmt.

242 857 279 920 1
445 926 462 943 .
489 927 505 942 .
533 922 551 942 .
576 926 593 943 .
646 876 967 943 malitiam
1019 879 1296 940 naturae
1339 874 1721 940 crederetur.
1808 872 1877 940 Is
1927 874 2176 941 scilicet
2228 877 2332 942 vir

243 934 273 982 ¹
313 966 600 1050 optimus
665 969 733 1030 et
796 964 1114 1050 singulari
1174 963 1307 1027 fide
1366 962 1700 1046 praeditus
1766 962 1839 1027 in
1906 984 2022 1029 suo
2089 964 2330 1030 iudicio

313 1053 447 1117 suis
500 1053 743 1117 tabulis
801 1052 1080 1117 testibus
1125 1051 1226 1116 uti
1271 1054 1560 1116 conatur.
1650 1047 1877 1115 Solent
1920 1050 2056 1116 fere
2101 1050 2329 1136 dicere,

311 1141 422 1225 qui
449 1162 566 1226 per
593 1140 855 1205 tabulas
881 1140 929 1222 †
955 1139 1292 1204 homines,
1411 1138 1566 1203 ‚citi
1601 1139 1941 1222 pecuniam
1979 1160 2328 1223 expensam

309 1229 627 1293 tulerunt:
683 1227 933 1313 Egone
986 1228 1189 1292 talem
1246 1226 1461 1291 virum
1515 1246 1924 1311 corrumpere
1981 1227 2192 1311 potui,
2252 1232 2330 1292 ut
2383 1255 2411 1295 5

310 1338 456 1381 mea
518 1338 712 1382 causa
778 1316 1019 1380 falsum
1080 1315 1153 1378 in
1222 1314 1507 1379 codicem
1571 1313 1910 1379 referretP'
2018 1313 2330 1400 Expecto,

310 1425 506 1487 quam
551 1426 703 1470 mox
740 1402 1038 1472 Chaerea,
1074 1402 1198 1472 hac
1244 1402 1540 1467 oratione
1575 1405 1826 1468 utatur:
1875 1401 2123 1487 Egone
2158 1403 2330 1469 hanc

312 1512 575 1555 manum
610 1493 870 1575 plenam
906 1489 1212 1574 perfidiae
1250 1492 1319 1553 et
1352 1488 1475 1554 hos
1513 1488 1756 1575 digitos
1785 1511 1964 1555 meos
1991 1490 2328 1575 impellere

308 1579 521 1662 potui,
574 1581 651 1642 ut
703 1577 946 1646 falsum
996 1576 1472 1662 perscriberent
1529 1577 1832 1642 nomen?
1925 1576 2170 1653 Quodsi
2213 1579 2328 1643 ille

310 1687 461 1730 suas
514 1665 803 1751 proferet
855 1665 1144 1748 tabulas,
1197 1663 1485 1748 proferet
1541 1686 1689 1730 suas
1736 1686 1989 1750 quoque
2034 1664 2326 1732 Roscius.
2357 1694 2412 1734 ιο

308 1753 457 1819 Erit
518 1755 589 1818 in
649 1752 829 1818 illius
892 1753 1138 1817 tabulis
1191 1752 1318 1817 hoc
1369 1773 1634 1836 nomen,
1698 1757 1768 1818 at
1824 1754 1897 1817 in
1949 1754 2141 1818 huius
2193 1775 2329 1819 non

238 1854 270 1903 2
310 1842 453 1906 erit.
561 1839 693 1907 Οιιι·
762 1841 981 1925 potius
1051 1840 1231 1904 illius
1306 1862 1503 1923 quam
1572 1840 1764 1905 huius
1836 1840 2175 1906 credetur?
2239 1879 2325 1889 -

309 1927 690 2015 Scripsisset
733 1929 866 2014 ille,
912 1929 976 1993 si
1012 1949 1144 1994 non
1184 1929 1367 1996 iussu
1401 1928 1594 1992 huius
1632 1950 1982 2014 expensum
2018 1929 2326 1995 tulisset?

313 2055 390 2066 --
456 2017 609 2085 Non
681 2018 1050 2101 scripsisset
1120 2017 1252 2102 hic,
1324 2016 1500 2101 quod
1566 2016 1691 2081 sibi
1755 2038 2104 2101 expensum
2165 2018 2330 2083 ferri

305 2107 647 2171 iussisset?
736 2104 909 2170 Nam
964 2127 1155 2188 quem
1210 2105 1293 2169 ad
1338 2104 1602 2169 modum
1647 2109 1838 2189 turpe
1884 2108 1984 2169 est
2028 2105 2326 2190 scribere,
2357 2133 2411 2175 15

309 2194 481 2278 quod
532 2215 665 2258 non
718 2192 1057 2275 debeatur,
1121 2192 1213 2258 sic
1275 2192 1648 2275 improbum
1712 2196 1812 2257 est
1870 2215 2005 2259 non
2067 2193 2330 2278 referre,

309 2280 485 2365 quod
528 2280 780 2344 debeas.
851 2279 1075 2363 Aeque
1121 2279 1295 2344 enim
1331 2280 1596 2346 tabulae
1633 2278 2142 2348 condemnantur
2168 2282 2331 2366 eius,

309 2368 421 2451 qui
456 2389 683 2433 verum
717 2388 850 2432 non
885 2367 1162 2450 rettulit,
1208 2370 1275 2432 et
1320 2367 1476 2452 eius,
1521 2368 1635 2452 qui
1659 2369 1902 2433 falsum
1927 2370 2328 2454 perscripsit.

308 2453 437 2519 Sed
488 2475 610 2538 ego
668 2454 857 2544 copia
910 2457 975 2519 et
1026 2453 1340 2520 facultate
1395 2478 1625 2521 causae
1679 2457 1959 2521 confisus
2002 2456 2149 2522 vide
2195 2479 2327 2541 quo

305 2542 702 2628 progrediar.
793 2541 863 2608 Si
906 2542 1166 2608 tabulas
1213 2541 1282 2609 Ο.
1329 2543 1613 2608 Fannius
1660 2544 1908 2629 accepti
1953 2549 2020 2609 et
2060 2546 2328 2629 expensi
2354 2573 2409 2613 ιο

304 2630 556 2716 profert
602 2653 750 2697 suas
794 2630 867 2696 in
912 2652 1098 2695 suam
1140 2653 1280 2696 rem
1327 2653 1444 2697 suo
1492 2632 1815 2701 arbitratu
1852 2632 2149 2717 scriptas,
2194 2655 2326 2717 quo

235 2739 268 2788 3
306 2720 521 2787 minus
585 2719 933 2787 secundum
990 2718 1182 2784 illum
1240 2719 1564 2796 iudicetis,
1622 2741 1759 2785 non
1818 2741 2061 2786 recuso.
2163 2721 2329 2797 Quis

302 2807 429 2873 hoc
479 2806 685 2872 frater
737 2807 954 2890 fratri,
1010 2807 1154 2890 quis
1209 2828 1445 2892 parens
1489 2769 1627 2873 fil'io
1672 2807 1934 2891 tribuit,
1977 2812 2079 2892 ut,
2127 2809 2326 2893 quod—

304 2917 576 2980 cumque
611 2896 994 2978 rettulisset,
1029 2894 1097 2958 id
1133 2898 1350 2959 ratum
1385 2894 1698 2960 haberet?
1768 2895 2011 2962 Ratum
2050 2896 2328 2961 habebit

301 2983 605 3067 Roscius3
649 2983 899 3069 profer,
946 2945 1118 3066 q'uod
1162 2983 1287 3047 tibi
1330 2983 1530 3047 fuerit
1573 3004 1974 3069 persuasum,
2016 2985 2169 3049 huic
2196 2984 2327 3051 erit
2351 3010 2407 3051 25

301 3093 703 3159 persuasum,
740 3033 915 3155 quod
947 3070 1071 3137 tibi
1105 3069 1305 3135 fuerit
1339 3071 1709 3155 probatum,
1743 3072 1892 3137 huic
1931 3072 2055 3136 erit
2090 3073 2327 3157 proba-

302 3164 460 3225 tum.
558 3159 765 3224 Paulo
829 3162 982 3223 ante
1042 3156 1130 3221 M.
1182 3157 1579 3243 Perpennae,
1641 3159 1712 3223 P.
1779 3158 1999 3224 Saturi
2059 3161 2327 3229 tabulas

301 3248 753 3332 poscebamus,
828 3267 998 3311 nunc
1069 3249 1245 3325 tuas,
1272 3181 1389 3311 Ο.
1450 3244 1663 3311 Fanni
1731 3244 2046 3331 Chaerea,
2119 3248 2329 3315 solius

302 3335 675 3418 flagitamus
722 3338 806 3418 et,
852 3356 980 3419 quo
1028 3332 1239 3398 minus
1288 3333 1633 3401 secundum
1677 3356 1787 3399 eas
1823 3335 1906 3400 lis
1944 3335 2146 3420 detur,
2189 3357 2330 3402 non

232 3440 269 3486 4
306 3441 703 3505 recusamus3
749 3422 904 3506 quid
946 3423 1043 3487 ita
1084 3442 1218 3486 non
1260 3420 1558 3506 profers?
1630 3420 1784 3488 Non
1827 3423 2085 3489 conficit
2138 3424 2327 3488 tabu·
2352 3448 2410 3489 so

306 3507 453 3586 las?
529 3506 738 3574 Immo
785 3508 1301 3597 diligentissime.
1373 3508 1525 3575 Non
1569 3510 1771 3576 refert
1813 3533 2014 3595 parva
2057 3511 2329 3576 nomina
