2566 4016
760 201 897 258 ΗΒ.
936 204 961 258 1
1042 203 1200 260 OAP.
1238 209 1329 276 as,
1363 211 1432 262 89
1470 211 1501 273 s
1538 210 1802 262 95—101.
2163 207 2288 272 177

266 345 601 412 satoribus
638 344 1024 413 Dolabellae
1060 348 1444 434 obsignatas
1482 349 1751 434 diceret3
1795 351 2066 435 proinde
2105 352 2291 435 quasi

268 433 673 500 exscribendi
732 438 1132 519 potestatem
1189 458 1324 504 non
1375 437 1665 503 haberet.
1766 435 1957 503 Solus
2014 444 2114 504 est
2167 441 2290 523 hic,

269 523 384 608 qui
427 543 785 606 numquam
830 524 1116 588 rationes
1163 523 1247 589 ad
1292 525 1615 590 aerarium
1660 525 1919 592 referat.
1991 527 2288 593 Audistis
2310 525 2395 590 39

269 611 716 695 quaestoriam
766 612 1086 677 rationem
1134 612 1346 678 tribus
1393 614 1730 679 versiculis
1774 616 2072 698 relatam,
2116 617 2289 700 lega·

213 717 241 758 5
267 699 471 765 tionis
525 720 659 763 non
711 699 840 763 nisi
894 699 1323 766 condemnato
1379 705 1446 766 et
1500 702 1705 768 eiecto
1752 724 1827 768 eo
1836 752 1856 786 ,
1912 703 2023 786 qui
2066 707 2290 788 posset

266 786 765 872 reprehendere,
826 808 996 858 nunc
1051 787 1331 872 denique
1377 793 1750 875 praeturae3
1814 812 2011 873 quam
2064 813 2140 855 ex
2196 812 2290 856 se·

267 880 465 941 natus
526 875 824 940 consulto
881 875 1108 942 statim
1163 875 1404 941 referre
1460 878 1708 962 debuit,
1772 900 1976 963 usque
2031 879 2115 944 ad
2166 880 2289 945 hoc

267 968 528 1047 tempus
582 984 717 1027 non
770 964 1043 1028 rettulit.
1134 963 1528 1039 Quaestores
1584 988 1722 1031 sese
1777 968 1848 1030 in
1902 972 2132 1033 senatu
2183 990 2289 1032 ex·
2328 991 2396 1040 99

267 1055 530 1138 pectare
594 1050 783 1133 dixit,
845 1051 1115 1136 proinde
1180 1055 1368 1136 quasi
1428 1075 1588 1138 non,
1648 1059 1724 1120 ut
1788 1059 2094 1138 quaestor
2148 1057 2288 1121 sine

190 1158 244 1198 ιο
269 1144 573 1226 praetore
618 1139 832 1222 possit
878 1140 1198 1205 rationem
1244 1140 1484 1207 referre
1532 1140 1635 1227 (ut
1680 1146 1781 1226 tu,
1830 1141 2171 1225 Hortensi,
2215 1148 2290 1207 ut

270 1224 558 1379 omnes}5
608 1227 834 1291 eodem
888 1227 1080 1294 modo
1139 1227 1275 1292 sine
1334 1233 1678 1313 quaestore
1730 1234 2013 1314 praetor.
2105 1230 2291 1295 Dixit

268 1317 442 1382 idem
563 1315 914 1380 olabellam
967 1316 1371 1400 impetrasse.
1463 1316 1670 1382 Omen
1723 1318 1936 1404 magis
1989 1320 2288 1403 patribus

270 1404 657 1488 conscriptis
705 1426 899 1488 quam
947 1425 1143 1469 causa
1186 1405 1458 1491 placuit3
1504 1407 1962 1491 probaverunt.
2044 1406 2290 1471 Verum

270 1497 651 1578 quaestores
689 1514 940 1576 quoque
976 1492 1109 1557 iam
1145 1493 1398 1578 pridem
1444 1498 1786 1578 venerunt3
1832 1517 1944 1560 cur
1987 1516 2120 1560 non
2165 1499 2290 1560 ret·

191 1598 242 1640 ιε
269 1582 529 1647 tulisti?
592 1579 866 1645 Illarum
893 1581 1220 1646 rationum
1259 1604 1337 1646 ex
1384 1603 1461 1647 ea
1494 1582 1673 1649 faece
1711 1584 2059 1669 legationis
2097 1606 2290 1669 quae-

271 1670 640 1753 storiaeque
695 1673 845 1734 tuae
895 1671 1371 1753 procurationis
1416 1671 1536 1735 illa
1582 1675 1735 1737 sunt
1778 1673 2069 1754 nomina,
2126 1694 2290 1756 quae

268 1757 658 1824 Dolabellae
727 1758 1092 1822 necessario
1155 1762 1311 1822 sunt
1381 1760 1746 1825 aestimata.
1852 1759 1953 1825 Ex
2016 1778 2289 1825 Ll‘nsz

272 1862 686 1912 AEs'rmA'rxs
715 1844 1192 1910 DOLABELLAE
1221 1864 1329 1911 PR.
1356 1864 1447 1910 m*
1476 1865 1611 1913 PRO
1640 1866 1774 1912 Pa:
1812 1847 2000 1924 Quod
2037 1848 2250 1912 minus
2294 1863 2395 1913 100

272 1933 621 2000 Dolabella
670 1933 862 1998 Verri
917 1937 1253 2019 acceptum
1307 1935 1592 2018 rettulit,
1657 1957 1851 2019 quam
1897 1933 2135 1999 Verres
2189 1935 2292 2000 illi

188 2041 245 2082 πο
272 2044 624 2108 expensum
650 2023 898 2106 tulerit,
933 2021 1045 2086 HS
1075 2023 1434 2107 quingenta
1460 2023 1738 2108 triginta
1770 2023 2052 2107 quinque
2090 2023 2290 2109 milia,

270 2116 338 2178 et
384 2111 556 2196 quod
601 2112 748 2195 plus
794 2110 951 2176 fecit
994 2110 1346 2175 Dolabella
1380 2110 1654 2176 Verrem
1699 2110 2047 2196 accepisse,
2094 2134 2289 2196 quam

269 2202 396 2266 iste
451 2200 522 2264 in
577 2199 710 2265 suis
756 2199 1002 2264 tabulis
1048 2199 1306 2282 habuit,
1360 2197 1473 2264 HS
1520 2199 1795 2265 ducenta
1840 2199 2116 2285 triginta
2164 2200 2288 2266 duo

269 2289 483 2372 milia,
545 2292 613 2352 et
677 2288 849 2372 quod
910 2288 1060 2372 plus
1117 2287 1431 2353 frumenti
1483 2287 1639 2354 fecit
1693 2288 2016 2374 accepisse
2070 2289 2289 2373 istum,

269 2375 382 2442 HS
411 2376 667 2442 deciens
695 2380 763 2440 et
801 2376 1178 2462 octingenta
1212 2376 1416 2463 milia,
1453 2376 1626 2462 quod
1661 2382 1735 2442 tu
1770 2378 1967 2443 homo
2006 2377 2289 2444 castissi-

188 2481 244 2522 25
273 2487 416 2531 mus
471 2465 650 2530 aliud
703 2465 771 2529 in
825 2465 1070 2529 tabulis
1119 2464 1431 2530 habebas.
1520 2465 1692 2531 Hinc
1738 2465 1893 2531 illae
1940 2467 2291 2533 extraordi-

269 2554 494 2619 nariae
557 2553 894 2637 pecuniae,
959 2574 1120 2636 quas
1183 2553 1366 2618 nullo
1429 2553 1587 2619 duce
1650 2557 1874 2619 tamen
1933 2556 2155 2640 aliqua
2213 2578 2291 2619 ex

269 2642 599 2725 particula
649 2641 1152 2725 investigamus,
1203 2641 1673 2726 redundarunt,
1726 2643 1878 2707 hinc
1927 2643 2097 2708 ratio
2142 2665 2290 2708 cum

273 2728 348 2803 Q.
387 2731 452 2792 et
497 2727 612 2794 On.
644 2728 976 2795 Postumis
1015 2727 1257 2794 Curtiis
1304 2730 1530 2795 multis
1574 2730 1967 2814 nominibus,
2014 2751 2288 2815 quorum

271 2816 344 2880 in
380 2816 623 2881 tabulis
662 2818 788 2883 iste
832 2817 1034 2882 habet
1078 2817 1360 2902 nullum3
1404 2817 1556 2882 hinc
1599 2816 1713 2883 HS
1759 2821 1990 2903 quater
2036 2817 2289 2882 deciens

184 2923 244 2965 so
269 2903 342 2971 P.
371 2904 574 2970 Tadio
614 2909 1027 2971 numeratum
1063 2905 1344 2970 Athenis
1384 2906 1664 2971 testibus
1710 2907 1981 2991 planum
2024 2905 2292 2989 faciam3

269 2993 422 3059 hinc
478 2998 700 3079 empta
746 2994 1157 3079 apertissime
1200 2998 1538 3078 praetura,
1588 2995 1718 3058 nisi
1762 2996 1932 3060 forte
1978 2994 2045 3057 id
2091 2992 2305 3057 etiam·

141 3108 150 3115 ·
269 3082 537 3147 dubium
578 3087 695 3166 est,
742 3105 870 3167 quo
909 3082 1101 3147 modo
1137 3082 1263 3146 iste
1299 3087 1563 3166 praetor
1597 3082 1812 3147 factus
1851 3083 1955 3146 sit.
2037 3080 2253 3145 Homo
2296 3093 2396 3142 101

268 3171 519 3237 scilicet
575 3175 690 3235 aut
744 3170 1064 3235 industria
1118 3174 1232 3234 aut
1287 3192 1484 3254 opera
1536 3171 1819 3254 probata
1863 3174 1977 3234 aut
2020 3169 2290 3254 frugali-

266 3259 427 3323 tatis
468 3258 950 3323 existimatione
995 3259 1332 3343 praeclara
1378 3262 1493 3323 aut
1537 3257 1828 3342 denique,
1874 3257 1940 3321 id
1989 3257 2159 3342 quod
2204 3258 2292 3322 le-

183 3361 239 3403 35
268 3348 609 3411 vissimum
664 3350 791 3430 est,
847 3346 1257 3425 assiduitate,
1315 3346 1426 3431 qui
1482 3351 1634 3411 ante
1682 3350 2098 3430 quaesturam
2144 3369 2291 3413 cum

265 3435 719 3501 meretricibus
792 3435 1268 3520 lenonibusque¹
1336 3434 1631 3518 vixisset,
1706 3439 2124 3519 quaesturam
2194 3436 2292 3501 ita

268 3524 604 3607 gessisset,
660 3546 853 3610 quem
910 3524 990 3590 ad
1044 3525 1308 3590 modum
1363 3523 1791 3610 cognovistis,
1846 3523 2094 3591 Romae
2138 3529 2292 3611 post

372 3634 481 3678 010.
508 3637 574 3677 11.
608 3639 644 3679 1.
1794 3634 1859 3683 12
