2566 4016
271 206 403 270 220
870 205 951 260 IN
989 204 1046 261 O.
1074 204 1384 261 VERREM
1417 204 1571 260 ACT.
1608 205 1676 260 II.

273 351 455 435 queri
492 373 637 416 cum
672 350 917 434 multis,
962 354 1038 416 ut
1080 350 1177 435 fit,
1220 351 1556 436 incipiunt,
1603 371 1671 414 se
1707 346 1819 413 HS
1844 366 2049 437 ,Lxxx
2095 370 2280 413 num·

272 461 448 503 mum
466 439 713 505 frustra
732 439 996 504 dedisse.
1043 438 1174 503 Res
1198 439 1602 524 percrebruit
1625 442 1692 502 et
1708 438 1778 503 in
1802 459 1912 503 ore
1937 440 2133 521 atque
2153 458 2280 502 ser·
2369 474 2408 511 2

271 549 460 592 mone
489 528 774 593 omnium
808 527 1021 613 coepit
1058 548 1214 593 esse.
1278 526 1518 592 Verres
1554 526 1754 591 refert
1787 527 1973 591 illam
1996 526 2282 606 fabulam

271 637 455 680 suam
483 613 974 701 Syracusanam,
1003 616 1098 682 ait
1126 638 1195 680 se
1221 616 1392 681 velle
1422 616 1500 680 de
1525 615 1660 679 illis
1688 613 1800 678 HS
1828 632 2020 687 Lxxx
2046 635 2280 700 cogno-

270 725 464 788 scere,
511 706 783 771 advocat
829 705 1091 770 multos.
1170 703 1415 769 Dicunt
1463 702 1682 767 Bidini
1716 701 2016 768 Volcatio
2064 723 2132 766 se
2178 701 2279 766 de-
2305 720 2333 761 ⁵

270 791 458 876 disse,
493 792 658 857 illud
692 813 826 857 non
862 792 1132 858 addunt:
1169 792 1352 858 iussu
1385 792 1595 857 istius.
1659 791 2034 857 Volcatium
2069 794 2280 873 vocat,

267 880 608 965 pecuniam
660 880 890 946 referri
942 881 1140 946 iubet.
1230 881 1570 947 Volcatius
1623 880 1839 945 animo
1887 879 2278 964 aequissimo

267 990 568 1034 nummos
606 969 813 1053 affert,
858 970 970 1053 qui
1004 969 1171 1034 nihil
1210 970 1562 1052 amitteret,
1605 967 1818 1033 reddit
1861 966 2279 1053 inspectanti-

164 1070 230 1119 57
266 1056 390 1123 bus
445 1058 698 1143 multis3
751 1057 969 1123 Bidini
1018 1079 1317 1123 nummos
1364 1057 1681 1123 auferunt.
1779 1055 1970 1122 Dicet
2016 1054 2277 1139 aliquis:

269 1144 461 1222 ‘Quid
499 1168 654 1232 ergo
691 1147 760 1211 in
796 1146 922 1212 hoc
956 1145 1229 1211 Verrem
1272 1144 1705 1231 reprehendiS,
1752 1145 1864 1229 qui
1908 1165 2041 1208 non
2085 1143 2277 1208 modo
2308 1163 2360 1204 10

266 1234 407 1318 ipse
468 1233 575 1299 fur
636 1257 770 1300 non
829 1238 956 1319 est,
1020 1233 1133 1299 sed
1182 1256 1265 1299 ne
1322 1235 1523 1298 alium
1578 1232 1836 1317 quidem
1891 1253 2123 1317 passus
2180 1235 2281 1297 est

268 1321 475 1387 esseP'
577 1321 944 1407 Attendite;
1016 1323 1148 1388 iam
1219 1321 1619 1409 intellegetis
1682 1320 1850 1386 hanc
1921 1320 2281 1405 pecuniam,

268 1431 434 1494 quae
496 1410 605 1475 via
667 1411 859 1475 modo
913 1411 1056 1475 visa
1109 1414 1211 1475 est
1264 1411 1437 1475 exire
1494 1411 1576 1473 ab
1630 1410 1788 1492 isto,
1851 1430 1995 1474 eam
2046 1408 2281 1473 semita

266 1497 629 1562 revertisse.
703 1496 873 1573 Quid
910 1498 1082 1562 enim
1120 1498 1345 1562 debuit
1379 1502 1646 1582 praetor,
1678 1497 1910 1580 facere,
1950 1518 2099 1563 cum
2133 1516 2278 1561 con—

267 1584 414 1649 silio
480 1585 745 1669 cognita
803 1607 999 1651 causa
1052 1607 1198 1649 cum
1254 1586 1677 1669 comperisset
1731 1607 1918 1650 suum
1973 1584 2277 1650 comitem
2308 1603 2357 1643 ιε

264 1672 453 1756 iuris,
519 1673 788 1757 decreti,
850 1672 1069 1738 iudicii
1122 1673 1575 1758 corrumpendi
1629 1695 1848 1757 causa,
1914 1695 2042 1758 qua
2093 1673 2164 1736 in
2206 1693 2279 1736 re

264 1760 470 1844 ipsius
523 1761 846 1845 praetoris
893 1765 1088 1845 caput
1138 1762 1661 1846 existimatioque
1709 1765 2039 1847 ageretur,
2091 1781 2279 1845 pecu·

262 1849 442 1913 niam
479 1849 820 1934 accepisse,
864 1849 1133 1915 Bidinos
1179 1853 1397 1916 autem
1441 1850 1781 1936 pecuniam
1825 1854 2055 1917 contra
2096 1869 2280 1934 prae-

264 1937 428 2003 toris
464 1937 708 2003 famam
748 1959 823 2004 ac
865 1937 1164 2005 fortunas
1213 1938 1507 2003 dedisse?
1551 1959 1683 2003 non
1730 1942 1796 2004 et
1840 1938 1911 2003 in
1956 1960 2120 2021 eum,
2166 1936 2279 2021 qui

266 2027 646 2112 accepisset,
700 2028 1264 2093 animadvertisset
1322 2033 1388 2093 et
1436 2028 1506 2092 in
1547 2049 1688 2111 eos,
1744 2028 1855 2112 qui
1902 2025 2275 2091 dedissent?
2306 2046 2361 2087 20

265 2113 388 2198 Tu,
444 2115 555 2200 qui
608 2115 988 2180 institueras
1033 2116 1103 2180 in
1148 2136 1258 2180 eos
1308 2115 1845 2199 animadvertere,
1900 2116 2011 2200 qui
2055 2136 2278 2200 perpe·

262 2224 405 2267 ram
467 2202 887 2286 iudicassent,
949 2203 1121 2286 quod
1186 2224 1378 2288 saepe
1441 2225 1558 2288 per
1620 2204 2122 2289 imprudentiam
2180 2203 2278 2286 fit,

262 2290 384 2355 hos
421 2290 667 2374 pateris
703 2291 966 2373 impune
1002 2290 1343 2374 discedere,
1381 2292 1493 2375 qui
1531 2292 1641 2371 [ob
1677 2295 1863 2357 tuum
1901 2292 2274 2374 decretum,]

264 2378 348 2441 ob
386 2381 572 2441 tuum
608 2376 914 2442 iudicium
950 2379 1290 2462 pecuniam
1329 2382 1443 2443 aut
1485 2379 1762 2444 dandam
1800 2385 1913 2445 aut
1960 2380 2277 2464 accipien-

156 2436 244 2562 ἓξ
264 2464 414 2528 dam
467 2465 833 2549 putabant?
913 2464 1253 2531 Volcatius
1308 2467 1498 2569 idem,
1529 2468 1721 2569 apud·
1745 2471 1811 2532 te
1856 2472 2087 2554 postea
2128 2467 2276 2568 fuit,
2307 2487 2361 2529 π

263 2574 387 2706 {32²
390 2551 1034 2727 {3332222332223332
1034 2558 1232 2727 *315⁶
1234 2559 1460 2709 ἒῖἒὲἓε
1477 2575 2069 2729 ’ᾗῗέἲὶωέῗέῃὲῗ
2077 2555 2279 2728 ‹13¹3AE

260 2729 331 2794 in
357 2732 677 2795 conventu
705 2730 987 2795 maximo
1016 2731 1163 2815 cogi
1190 2754 1230 2795 a
1257 2732 1652 2816 magistratu
1677 2731 1928 2797 furtum
1962 2732 2276 2797 reddere?

262 2818 374 2902 qui
410 2818 467 2883 si
503 2839 579 2883 eo
618 2817 834 2884 animo
873 2823 1063 2903 esset,
1108 2841 1235 2903 quo
1271 2841 1405 2884 non
1441 2819 1633 2885 modo
1680 2841 1876 2904 eques
1919 2819 2276 2903 Romanus,

263 2906 372 2971 sed
431 2906 643 2991 quivis
699 2907 866 2972 liber
919 2907 1111 2972 debet
1169 2929 1335 2991 esse,
1401 2908 1686 2992 aspicere
1739 2912 1807 2973 te
1859 2912 2092 2993 postea
2141 2930 2279 2973 non
2306 2928 2365 2968 so

260 2996 607 3079 potuisset,
657 2995 984 3079 inimicus,
1026 2995 1239 3060 hostis
1287 3000 1459 3060 esset
1504 2998 1692 3061 tanta
1737 2997 2130 3062 contumelia
2174 3018 2280 3061 ac-

260 3087 475 3167 cepta,
516 3083 646 3147 nisi
690 3086 904 3149 tecum
950 3088 1091 3148 tum
1137 3084 1531 3149 conlusisset
1573 3089 1639 3148 et
1683 3089 1835 3150 tuae
1880 3086 2101 3170 potius
2147 3084 2280 3149 exi-

262 3171 623 3237 stimationi
679 3173 986 3237 servisset
1040 3193 1237 3255 quam
1282 3193 1452 3238 suae.
1535 3170 1660 3247 Qui
1707 3194 1901 3257 quam
1947 3173 2073 3239 tibi
2118 3173 2280 3237 ami·

259 3280 371 3323 cus
431 3280 565 3324 non
628 3259 820 3324 modo
875 3263 1014 3325 tam
1069 3260 1180 3326 diu
1234 3259 1460 3343 fuerit,
1525 3282 1720 3345 quam
1775 3262 1884 3326 diu
1937 3264 2153 3327 tecum
2205 3261 2282 3325 in

258 3346 592 3429 provincia
652 3346 806 3430 fuit,
869 3369 1093 3413 verum
1158 3348 1357 3413 etiam
1419 3369 1589 3413 nunc
1653 3350 1767 3433 sit,
1830 3371 1976 3415 cum
2039 3350 2175 3415 iam
2238 3371 2281 3414 a
2308 3365 2367 3407 ⁸⁶

261 3432 490 3495 ceteris
524 3434 748 3498 amicis
793 3435 1058 3501 relictus
1105 3458 1193 3519 es,
1240 3441 1307 3501 et
1352 3440 1426 3501 tu
1470 3437 1821 3524 intellegis,
1868 3441 1935 3502 et
1977 3459 2098 3503 nos
2145 3438 2281 3501 exi-

262 3518 528 3582 stimare
583 3541 943 3601 possumus.
1038 3524 1144 3589 An
1197 3524 1322 3591 hoc
1374 3525 1584 3591 solum
1642 3529 2097 3612 argumentum
2154 3530 2280 3610 est,
