2566 4016
242 694 314 745 58

248 1971 336 2036 23

248 2050 320 2099 59

341 184 475 249 450
939 180 1020 236 m
1055 180 1114 235 o,
1150 179 1460 237 VERREM
1496 144 1660 236 Ac'r.
1698 178 1766 234 11.

342 326 555 410 fuisti3
600 330 886 412 arguunt
930 328 1199 409 ceterae,
1244 345 1489 409 paucae
1536 327 1603 388 et
1646 345 1886 407 parvae
1932 326 2000 388 et
2044 327 2243 388 metu
2292 347 2389 389 re-

343 436 608 502 pressae
647 415 863 497 silent,
906 436 1037 478 una
1079 414 1323 479 laudat.
1396 411 1541 479 Hoc
1588 411 1743 495 quid
1789 415 1890 475 est
1934 411 2064 475 nisi
2110 410 2389 477 intelle-

348 525 527 590 gere,
572 503 728 587 quid
770 502 1013 566 habeat
1057 500 1368 569 utilitatis
1414 521 1572 567 vera
1616 499 1937 583 laudatio,
1983 499 2101 563 sed
2124 498 2390 566 ‘tamen

346 593 444 657 ita
495 591 867 678 provinciae
921 589 1309 674 praefuisse,
1362 593 1436 653 ut
1488 588 1612 652 hac
1660 587 1952 652 utilitate
1996 589 2387 654 necessario

348 681 437 746 sit
500 677 890 746 carendum?
980 677 1256 760 Deinde,
1322 677 1494 761 quod
1558 675 1689 740 alio
1754 676 1897 740 loco
1964 678 2164 740 antea
2226 677 2389 760 dixi,
2412 696 2437 734 ⁵

350 790 514 853 quae
542 771 644 832 est
670 767 802 831 ista
827 765 1093 830 tandem
1121 765 1432 848 laudatio,
1470 764 1699 848 quoius
1727 763 2127 831 laudationis
2162 764 2390 850 legati

349 862 415 921 et
450 855 776 939 principes
814 857 882 918 et
920 853 1178 938 publice
1225 853 1351 917 tibi
1393 874 1628 917 navem
1673 851 2083 919 aedificatam
2129 857 2206 916 et
2257 855 2391 938 pri·

349 944 553 1009 vatim
627 964 695 1006 se
767 942 945 1025 ipsos
1010 942 1127 1006 abs
1192 945 1259 1005 te
1330 941 1647 1024 spoliatos
1713 939 2166 1024 expilatosque
2243 963 2392 1007 esse

349 1030 692 1097 dixerunt?
774 1030 1116 1095 Postremo
1173 1029 1330 1112 quid
1382 1028 1559 1096 aliud
1612 1027 1726 1091 isti
1774 1027 2049 1109 faciunt,
2108 1049 2275 1095 curn
2323 1034 2392 1095 te

351 1118 480 1185 soli
539 1141 618 1183 ex
676 1115 899 1184 Sicilia
960 1117 1261 1200 laudant,
1323 1115 1453 1180 nisi
1515 1115 1891 1181 testimonio
1953 1114 2150 1179 nobis
2229 1123 2391 1183 sunt
2415 1137 2454 1175 ιο

352 1207 569 1273 omnia
622 1210 690 1272 te
745 1205 874 1271 sibi
926 1227 1067 1271 esse
1122 1205 1465 1290 largitum,
1520 1224 1684 1286 quae
1738 1207 1814 1267 tu
1863 1202 1941 1271 de
1986 1224 2058 1266 re
2107 1206 2394 1288 publica

348 1299 578 1361 nostra
641 1293 1040 1358 detraxeris?
1140 1291 1320 1367 Quae
1383 1291 1638 1358 colonia
1701 1294 1803 1355 est
1853 1291 1925 1354 in
1976 1289 2185 1356 Italia
2248 1298 2392 1359 tam

350 1385 524 1446 bono
574 1383 741 1465 iure,
798 1381 969 1463 quod
1014 1384 1153 1445 tam
1198 1380 1486 1447 immune
1531 1379 1978 1463 municipium,
2033 1381 2227 1462 quod
2275 1405 2391 1466 per

349 1470 544 1534 hosce
599 1489 804 1533 annos
859 1471 999 1557 tam
1046 1466 1387 1532 commoda
1431 1466 1770 1532 vacatione
1815 1467 2111 1532 omnium
2156 1491 2390 1535 rerum

352 1557 440 1621 sit
501 1577 692 1620 usum
756 1576 953 1638 quam
1005 1553 1400 1621 Mamertina
1458 1555 1734 1620 civitas?
1832 1553 1957 1618 Per
2011 1555 2391 1624 triennium
2412 1576 2449 1615 1⁵

352 1644 502 1729 soli,
557 1665 635 1708 ex
687 1642 944 1708 foedere
999 1643 1172 1726 quod
1226 1643 1614 1726 debuerunt,
1667 1664 1800 1707 non
1850 1642 2206 1729 dederunt,
2271 1648 2390 1712 soli

349 1733 481 1799 isto
544 1736 844 1818 praetore
900 1731 1189 1797 omnium
1243 1753 1460 1796 rerum
1514 1732 1834 1796 immunes
1888 1730 2193 1816 fuerunt,
2270 1735 2391 1801 soli

350 1822 422 1886 in
473 1820 665 1886 istius
718 1819 994 1904 imperio
1049 1842 1126 1886 ea
1179 1819 1551 1885 condicione
1606 1819 1932 1902 vixerunt,
1994 1823 2071 1885 ut
2128 1824 2386 1908 populo

351 1909 648 1975 Romano
694 1908 860 1973 nihil
908 1908 1163 1991 darent,
1207 1906 1402 1972 Verri
1444 1906 1611 1971 nihil
1655 1911 1990 1992 negarent.

485 1996 730 2063 Verum
767 1999 844 2062 ut
879 1996 962 2063 ad
997 1997 1292 2081 classem,
1339 2018 1466 2081 quo
1513 2017 1592 2060 ex
1635 1995 1780 2061 loco
1827 2017 1972 2061 sum
2017 1995 2436 2083 digressugn
2470 2055 2471 2084 ἦ

353 2089 671 2170 revertar,
725 2085 1033 2169 accepisti
1077 2108 1118 2151 a
1160 2083 1572 2149 Mamertinis
1615 2105 1851 2149 navem
1896 2087 2132 2149 contra
2183 2088 2388 2174 leges,
2470 2157 2471 2172 χ

352 2174 666 2239 remisisti
718 2179 947 2239 contra
999 2173 1276 2239 foedera.
1366 2171 1470 2238 Ita
1522 2172 1593 2237 in
1636 2194 1769 2238 una
1816 2172 2083 2237 civitate
2132 2174 2254 2240 bis
2304 2178 2387 2241 in·

352 2263 598 2348 probus
642 2261 855 2345 fuisti,
910 2283 1054 2326 cum
1101 2264 1170 2327 et
1213 2260 1551 2343 remisisti,
1607 2259 1779 2344 quod
1823 2280 1955 2324 non
2001 2266 2386 2348 oportebat,

354 2354 420 2413 et
476 2349 812 2432 accepisti,
866 2348 1040 2431 quod
1089 2369 1224 2413 non
1275 2349 1533 2414 licebat.
1623 2346 1903 2434 Exigere
1954 2352 2023 2413 te
2077 2354 2385 2435 oportuit

352 2457 602 2518 navem,
649 2457 812 2520 quae
857 2440 1085 2501 contra
1128 2436 1506 2522 praedones,
1547 2457 1684 2501 non
1727 2458 1890 2519 quae
1934 2458 2085 2502 cum
2134 2442 2387 2523 praeda
2406 2455 2438 2495 ²⁵

352 2524 721 2610 navigaret,
776 2546 939 2608 quae
996 2523 1392 2607 defenderet,
1443 2546 1526 2589 ne
1575 2524 1915 2609 provincia
1955 2526 2386 2612 spoliaretur,

352 2634 486 2679 non
538 2633 704 2697 quae
752 2612 1122 2698 provinciae
1168 2612 1379 2696 spolia
1422 2615 1734 2696 portaret.
1825 2612 2218 2680 Mamertini
2268 2619 2387 2683 tibi

355 2706 423 2768 et
474 2702 729 2786 urbem,
789 2722 916 2785 quo
968 2700 1148 2766 furta
1199 2700 1483 2784 undique
1537 2700 1941 2786 deportares,
1996 2705 2064 2766 et
2123 2724 2387 2789 navem,

352 2789 424 2855 in
485 2812 613 2875 qua
667 2792 1070 2875 exportareS,
1131 2788 1596 2873 praebuerunt3
1658 2788 1825 2854 illud
1878 2789 2003 2854 tibi
2058 2794 2388 2877 oppidum

353 2879 829 2961 receptaculum
882 2877 1161 2963 praedae
1204 2876 1360 2961 fuit,
1411 2876 1515 2940 illi
1558 2876 1854 2942 homines
1900 2880 2109 2942 testes
2161 2888 2388 2947 custo·
2406 2898 2438 2936 ⁸·

355 2966 591 3051 desque
627 2966 972 3049 furtorum,
1016 2965 1118 3029 illi
1153 2964 1278 3030 tibi
1324 2968 1390 3030 et
1433 2965 1648 3030 locum
1693 2965 1888 3031 furtis
1933 2968 2000 3030 et
2043 2966 2388 3036 furtorum

354 3054 720 3120 vehiculum
785 3056 1345 3138 comparaverunt.
1442 3051 1673 3137 Itaque
1736 3075 1822 3119 ne
1883 3057 2026 3118 tum
2094 3057 2388 3141 quidem,

355 3165 502 3208 cum
582 3143 857 3208 classem
939 3140 1217 3207 avaritia
1299 3162 1374 3206 ac
1453 3141 1747 3225 nequitia
1816 3144 1933 3206 tua
2011 3144 2390 3230 perdidisti,

354 3231 760 3295 Mamertinis
798 3251 1029 3295 navem
1065 3229 1386 3314 imperare
1424 3250 1620 3294 ausus
1658 3250 1754 3312 es3
1802 3251 1929 3313 quo
1967 3232 2288 3316 tempore
2327 3236 2392 3299 in

354 3321 542 3382 tanta
596 3318 816 3402 inopia
853 3319 1132 3383 navium
1187 3321 1502 3402 tantaque
1558 3318 1932 3383 calamitate
1981 3320 2390 3406 provinciae,
2409 3336 2440 3377 s

356 3404 612 3467 etiamsi
665 3406 958 3489 precario
1014 3410 1231 3471 essent
1283 3406 1585 3491 rogandi,
1639 3409 1863 3471 tamen
1915 3406 2000 3470 ab
2045 3406 2136 3472 iis
2183 3410 2392 3497 impe*

349 3489 656 3572 ‘traretun
736 3491 1163 3576 Reprimebat
1213 3493 1388 3557 enim
1433 3493 1558 3558 tibi
1605 3498 1671 3559 et
1715 3494 2082 3580 imperandi
2131 3498 2285 3564 vim
2331 3503 2391 3565 et
