2566 4016
696 217 835 270 1215.
871 217 953 271 111
1008 217 1160 273 cAP.
1187 221 1398 272 41—43
1435 221 1466 282 ἓ
1504 221 1765 271 95-102.
2104 217 2235 282 309

211 363 412 428 batur
436 358 600 426 ferri
638 358 859 443 aliquo
898 358 1090 423 modo
1126 379 1337 443 posse,
1374 359 1866 444 contenderunt3
1901 362 2235 445 postremo

213 450 396 516 liceri
425 447 836 514 destiterunt,
889 446 1232 512 Addicitur
1246 446 1562 512 Venuleio
1598 448 1804 512 tritici
1840 448 2234 514 medimnum

214 556 342 605 vm
368 536 655 602 milibus.
718 534 1004 620 Legatus
1031 533 1380 600 Posidorus
1417 535 1763 601 renuntiat.
1828 533 1991 601 Cum
2029 537 2235 602 omni-

216 628 340 692 bus
368 625 494 690 hoc
519 623 1000 689 intolerandum
1028 623 1370 706 videretur,
1397 626 1621 688 tamen
1637 622 1951 689 Venuleio
1982 623 2236 708 dantur,

162 733 191 774 ⁵
216 736 300 779 ne
337 712 618 796 accedat,
652 711 858 776 tritici
893 710 1064 775 mod.
1083 727 1187 774 v11
1222 714 1292 775 et
1326 714 1664 796 praeterea
1687 709 1800 776 HS
1836 729 1905 777 11.
1967 711 2070 777 Ex
2106 733 2235 796 quo

215 800 411 867 facile
456 802 750 884 apparet,
801 820 966 883 quae
1011 819 1254 864 merces
1304 799 1658 882 decumani,
1704 822 1868 883 quae
1912 799 2233 883 praetoris

220 911 364 955 esse
438 888 739 954 videatur
816 886 1073 987 praeda.
1183 885 1355 952 Cedo
1429 886 1995 953 Thermitanorum
2072 887 2237 952 mihi

192 979 476 1043 litteras
540 979 610 1041 et
670 974 1134 1040 testimonium.
1234 974 1565 1040 'FABULAE
1619 974 2235 1041 THERMITANORUM

216 1084 306 1130 m·
352 1080 854 1131 TESTIMONIUM.
933 1061 1420 1127 Imacharenses
1465 1063 1600 1128 iam
1645 1063 1822 1128 omni
1868 1063 2197 1128 frumento
2238 1076 2341 1127 100

136 1172 193 1213 ιο
219 1153 465 1235 ablato,
506 1152 641 1216 iam
686 1150 986 1216 omnibus
1031 1149 1286 1215 iniuriis
1331 1151 1462 1215 tuis
1509 1150 1869 1217 exinanitos
1914 1151 2236 1216 tributum

217 1242 433 1308 facere
469 1239 742 1305 miseros
780 1261 856 1305 ac
889 1237 1180 1322 perditos
1226 1239 1520 1324 coegisti,
1565 1242 1640 1303 ut
1668 1238 1960 1323 Apronio
2007 1237 2239 1304 darent

219 1324 333 1394 HS
377 1332 493 1392 x‘i.
574 1325 803 1393 Recita
858 1331 925 1391 et
979 1325 1307 1393 decretum
1356 1327 1435 1391 de
1479 1327 1747 1392 tributis
1793 1331 1859 1392 et
1903 1326 2237 1410 publicum

221 1414 688 1482 testimonium.
770 1413 1088 1480 Summus
1127 1430 1544 1481 consonum
1582 1432 1680 1481 DE
1725 1431 2028 1481 'rmBu'ro
2073 1432 2237 1481 con-

221 1519 574 1570 rnnuuno.
646 1502 1136 1569 Tns‘rmomum
1171 1501 1769 1570 IuAcHAnnusmu.
1839 1502 2240 1587 Hennenses,

138 1611 195 1652 15
221 1615 368 1659 cum
432 1592 739 1657 decumae
789 1590 1125 1656 venissent
1177 1590 1323 1677 agri
1374 1590 1748 1658 Hennensis
1794 1591 1958 1656 med.
2004 1607 2239 1674 vulco,

221 1680 518 1766 Apronio
560 1678 770 1747 coacti
815 1682 968 1744 sunt
1012 1678 1167 1743 dare
1209 1679 1415 1744 tritici
1460 1679 1747 1745 modium
1792 1697 1969 1744 xvm
2015 1682 2084 1743 et
2125 1641 2239 1742 HS'

222 1787 303 1834 111
367 1768 568 1832 milia.
649 1765 930 1850 Quaeso,
993 1766 1338 1850 attendite,
1401 1770 1680 1850 quantus
1742 1786 2047 1830 numerus
2109 1765 2240 1828 fru-

225 1856 432 1921 menti
495 1858 768 1939 cogatur
831 1876 909 1920 ex
971 1855 1150 1919 omni
1212 1875 1373 1939 agro
1430 1855 1800 1919 decumanO.
1896 1852 2070 1917 Nam
2123 1874 2239 1935 per

227 1964 452 2011 omnes
483 1942 801 2028 civitates,
839 1964 1003 2027 quae
1042 1941 1343 2008 decumas
1380 1941 1635 2025 debent,
1669 1940 1990 2026 percurrit
2027 1940 2238 2005 oratio

139 2051 198 2092 20
224 2054 396 2117 mea,
451 2035 517 2097 et
563 2032 636 2097 in
677 2032 802 2097 hoc
848 2052 1084 2117 genere
1127 2052 1325 2114 nunc,
1377 2030 1648 2113 iudices,
1700 2049 1950 2111 versor,
1994 2049 2129 2093 non
2171 2028 2242 2093 in

227 2143 356 2205 quo
420 2120 807 2206 singillatim
872 2122 1162 2186 aratores
1225 2118 1436 2184 eversi
1488 2080 1679 2183 bonis
1736 2116 2034 2182 omnibus
2091 2116 2242 2201 sint,

226 2209 338 2274 sed
393 2229 558 2292 quae
612 2208 874 2293 publice
928 2206 1298 2274 decumanis
1354 2208 1537 2272 lucra
1591 2206 1746 2271 data
1790 2205 1950 2288 sint,
2003 2208 2079 2269 ut
2122 2204 2241 2269 ali-

228 2297 484 2380 quando
541 2317 618 2360 ex
672 2317 896 2361 eorum
952 2296 1130 2381 agris
1186 2299 1383 2379 atque
1436 2294 1706 2360 urbibus
1759 2255 2001 2377 exple'ti
2045 2296 2241 2376 atque

228 2383 507 2449 saturati
534 2405 680 2450 cum
715 2384 841 2450 hoc
876 2384 1133 2449 cumulo
1172 2387 1480 2468 quaestus
1516 2382 1913 2450 decederent.
1983 2379 2205 2448 Galae·
2245 2353 2345 2479 {ff}

143 2488 199 2530 25
227 2471 385 2536 tinis
423 2493 619 2556 quam
656 2472 740 2537 ob
778 2494 916 2537 rem
959 2471 1301 2555 imperasti
1346 2493 1515 2538 anno
1560 2471 1778 2554 tertio,
1820 2474 1895 2534 ut
1940 2470 2241 2537 decumas

224 2521 2244 2731 315155325'12,{zzzfflffiffigzzssgsffiussggsszfiggfflssssggi

227 2737 440 2797 torem
500 2735 602 2798 illi
663 2734 953 2801 fecerant
1007 2756 1216 2819 neque
1269 2738 1346 2800 tu
1397 2735 1538 2817 ipse
1590 2733 1715 2799 hoc
1767 2735 1865 2798 ita
1918 2736 2241 2798 statueras

231 2822 425 2885 antea
489 2842 605 2904 per
666 2821 1016 2888 biennium.
1125 2822 1603 2888 Theomnastus
1666 2821 2109 2905 Syracusanus
2172 2819 2246 2884 in

145 2927 202 2969 so
231 2929 464 3009 agrum
499 2906 942 2991 Mutycensem
979 2932 1092 2976 cur
1129 2911 1246 2975 abs
1283 2913 1351 2974 te
1387 2909 1718 2976 immissus
1757 2909 1901 2975 est?
1948 2907 2060 2990 qui
2105 2928 2244 2971 ara-

226 3001 404 3062 tores
443 2994 541 3060 ita
586 2995 873 3080 vexavit,
918 3001 993 3062 ut
1037 2998 1138 3062 illi
1180 2998 1251 3064 in
1297 2999 1539 3062 alteras
1586 2997 1914 3078 decumae,
1959 2995 2026 3059 id
2071 2994 2244 3077 quod

225 3084 298 3149 in
351 3083 498 3149 aliis
549 3105 803 3168 quoque
850 3084 1223 3151 civitatibus
1271 3085 1639 3168 ostendam,
1692 3046 1984 3149 triticum
2031 3103 2242 3147 emere

225 3172 592 3238 necessario
628 3174 898 3256 propter
936 3172 1226 3256 inopiam
1262 3135 1663 3259 cogerentuix
1743 3171 1886 3237 Iam
1930 3191 2084 3236 vero
2132 3192 2208 3233 ex
2245 3181 2350 3233 102

226 3258 664 3343 Hyblensium
705 3260 1115 3344 pactionibus
1159 3261 1577 3347 intellegetis,
1625 3282 1789 3344 quae
1832 3259 2046 3324 factae
2094 3262 2248 3324 sunt

143 3365 201 3408 ³5
228 3370 375 3414 cum
404 3348 759 3416 decumano
781 3347 898 3414 Cn.
915 3346 1164 3434 Sergio,
1192 3349 1444 3414 sexiens
1471 3351 1677 3433 tanto,
1705 3370 1901 3433 quam
1930 3350 2244 3448 quantum

228 3440 445 3502 satum
476 3437 582 3521 sit,
618 3437 914 3504 ablatum
942 3458 1081 3503 esse
1119 3437 1203 3504 ab
1242 3437 1629 3502 aratoribus.
1691 3437 1921 3503 Recita
1956 3435 2246 3502 sationes

228 3526 296 3589 et
330 3524 664 3607 pactiones
703 3548 781 3592 ex
818 3526 1059 3593 litteris
1103 3525 1402 3612 publicis·
1476 3524 1866 3612 Cognoscite
1910 3525 2246 3611 pactiones
