2566 4016
187 369 257 420 27

191 1080 263 1130 28

223 1406 259 1469 7

195 2133 265 2183 29

296 214 336 280 8
823 213 968 268 pao
1004 213 1065 267 P.
1106 212 1456 279 enmono
1494 211 1785 267 oaATm.
1813 187 1834 193 ’

294 357 596 423 fidiosum
642 361 707 422 et
751 358 1025 441 impium
1072 379 1211 421 osse
1252 356 1558 421 fateatur.
1630 354 1920 421 Libellos
1959 354 2099 421 Sex.
2139 355 2317 422 Alfe-

294 468 447 531 nuS,
499 450 882 530 procurator
924 446 995 510 P.
1053 444 1340 527 Quincti,
1393 443 1737 509 familiaris
1793 447 1859 507 et
1910 444 2316 529 propinquus

299 533 440 600 Sex.
494 533 721 617 Naevi,
767 533 979 618 deicit,
1023 533 1355 599 servulum
1391 554 1609 615 unum,
1656 553 1846 615 quem
1882 532 2007 597 iste
2043 533 2316 616 prehen-

297 623 499 706 derat,
535 622 828 707 abducit,
852 622 1189 687 denuntiat
1227 642 1368 685 sese
1402 624 1893 706 procuratorem
1921 641 2079 703 esse,
2114 621 2316 687 istum

297 732 767 863 Ξῗᾳὲἓὲἓῃὲἓὲῗ
805 708 1371 882 ἑῗξῗηξέἒῖἒίἒ
1372 707 1612 881 1³33..ss
1652 706 1963 861 ἓ“ἒὲἓέἰθ
1978 710 2372 862 “335133555

299 907 423 970 que
468 885 803 949 imbiberit
848 885 984 950 eius
1022 885 1199 950 modi
1234 883 1600 949 rationibus
1636 884 1824 949 illum
1863 884 1945 949 ad
1981 906 2133 949 suas
2171 907 2317 952 con-

299 974 581 1039 diciones
618 973 982 1059 perducere,
1029 995 1167 1039 sese
1210 972 1380 1036 nihil
1417 972 1669 1057 precari
1706 975 1789 1055 et,
1835 972 1894 1036 si
1930 973 2086 1056 quid
2122 994 2317 1059 agere

299 1062 487 1144 velit,
540 1060 775 1126 iudicio
832 1061 1186 1126 defendere.
1265 1060 1445 1125 Haec
1493 1060 1644 1124 dum
1689 1058 1936 1125 Romae
1984 1066 2317 1147 geruntur,

300 1148 636 1224 Quinctius
690 1150 941 1214 interea
1003 1152 1230 1214 contra
1292 1148 1422 1231 ius,
1487 1148 2044 1234 consuetudinem,
2106 1149 2315 1215 edicta
2344 1176 2398 1215 ιο

298 1240 672 1322 praetorum
701 1235 777 1302 de
807 1238 979 1302 saltu
1000 1258 1286 1322 agroque
1315 1236 1641 1301 communi
1669 1257 1709 1300 a
1737 1236 1940 1319 servis
1966 1238 2318 1302 communi·

298 1326 420 1390 bus
467 1326 552 1390 vi-
580 1325 959 1389 detruditur.

431 1412 774 1496 Existima,
811 1411 881 1478 O.
909 1413 1153 1497 Aquili,
1191 1412 1384 1477 modo
1423 1417 1489 1477 et
1526 1412 1777 1477 ratione
1816 1413 2035 1477 omnia
2069 1412 2318 1478 Romae

297 1499 620 1565 Naevium
672 1500 902 1566 fecisse
910 1550 928 1585 ,
992 1501 1049 1565 si
1100 1500 1251 1583 hoc,
1317 1500 1488 1583 quod
1541 1522 1657 1585 per
1710 1500 1968 1565 litteras
2012 1501 2201 1565 istius
2247 1502 2317 1565 in

299 1588 517 1653 Gallia
536 1592 795 1674 gestum
823 1592 940 1672 est,
958 1591 1134 1654 recte
1161 1592 1357 1672 atque
1376 1587 1599 1653 ordine
1619 1588 1864 1653 factum
1882 1610 2021 1653 esse
2040 1588 2311 1654 videtur.
2343 1613 2398 1654 ιο

299 1677 628 1760 Expulsus
685 1680 881 1761 atque
936 1677 1175 1741 eiectus
1231 1697 1267 1740 e
1330 1675 1594 1761 praedio
1650 1674 1986 1751 Quinctius
2052 1681 2318 1761 accepta

297 1764 543 1850 insigni
593 1765 831 1830 iniuria
884 1764 1176 1865 confugit
1231 1764 1314 1829 ad
1369 1761 1437 1829 G.
1482 1762 1788 1830 Flaccum
1840 1764 2319 1866 imperatorem,

300 1853 410 1937 qui
455 1857 598 1918 tum
644 1857 786 1917 erat
829 1852 900 1917 in
952 1852 1313 1938 provincia,
1369 1874 1588 1937 quem,
1641 1856 1716 1917 ut
1770 1853 1976 1937 ipsius
2032 1853 2320 1938 dignitas

298 1942 536 2026 poscit,
600 1942 866 2006 honoris
933 1941 1148 2028 gratia
1209 1940 1496 2005 nomino.
1592 1940 1660 2005 Is
1722 1962 1865 2005 eam
1929 1962 2067 2004 rem
2125 1963 2320 2026 quam

296 2030 710 2095 vehementer
745 2030 1197 2096 vindicandam
1241 2030 1509 2115 putarit,
1554 2051 1632 2094 ex
1677 2027 1947 2094 decretis
1994 2029 2131 2094 eius
2177 2034 2320 2130 pot·
2348 2055 2402 2096 πο

305 2119 487 2182 eritis
554 2138 961 2205 cognoscere.
1051 2118 1327 2182 Alfenus
1391 2118 1643 2182 interea
1687 2116 1935 2181 Romae
1995 2139 2140 2183 cum
2185 2117 2316 2183 isto

301 2204 664 2289 gladiatore
717 2207 938 2270 vetulo
994 2204 1228 2270 cotidie
1282 2207 1646 2291 pugnabat,
1708 2207 2016 2270 utebatur
2073 2206 2319 2290 populo

302 2314 456 2357 sane
511 2314 656 2376 suo,
708 2297 1057 2378 propterea
1111 2293 1283 2377 quod
1338 2294 1462 2358 iste
1518 2297 1713 2379 caput
1773 2297 1994 2377 petere
2038 2315 2171 2358 non
2216 2293 2320 2358 de·

302 2381 574 2444 sinebat.
634 2343 781 2444 'Iste
827 2381 1146 2466 postulat,
1198 2385 1277 2445 ut
1319 2385 1704 2466 procurator
1748 2382 2104 2447 iudicatum
2151 2382 2320 2447 solvi

303 2468 464 2532 satis
502 2467 713 2551 daret3
757 2473 959 2555 negat
1004 2468 1279 2534 Alfenus
1327 2492 1602 2554 aequum
1645 2490 1785 2534 esse
1830 2473 2318 2554 procuratorem
2347 2494 2402 2535 85

302 2555 461 2621 satis
511 2556 706 2640 dare,
735 2557 905 2640 quod
950 2579 1098 2623 reus
1145 2558 1306 2622 satis
1354 2558 1508 2623 dare
1552 2579 1686 2623 non
1731 2557 2020 2641 deberet,
2076 2558 2132 2621 si
2177 2558 2319 2643 ipse

300 2644 573 2709 adesset.
654 2643 1091 2729 Appellantur
1125 2646 1399 2729 tribuni3
1445 2667 1485 2710 a
1524 2644 1756 2730 quibus
1794 2667 1939 2711 cum
1976 2650 2148 2711 esset
2190 2667 2322 2711 cer-

299 2736 441 2798 tum
497 2733 810 2797 auxilium
854 2734 1160 2817 petitum,
1213 2734 1309 2799 ita
1362 2737 1505 2799 tum
1551 2732 1926 2816 disceditur,
1984 2738 2059 2797 ut
2103 2733 2319 2798 idibus
2394 2745 2402 2752 ‘

300 2818 792 2906 Septembribus
856 2819 927 2886 P.
991 2820 1364 2896 Quinctium
1428 2819 1574 2887 sisti
1639 2818 1780 2886 Sex.
1843 2821 2119 2886 Alfenus
2175 2843 2321 2907 pro-

300 2910 611 2974 mitteret.
2349 2935 2406 2976 ao

431 2996 631 3063 Venit
684 2997 963 3063 Romam
1016 2996 1380 3080 Quinctius,
1432 2990 1877 3062 vadimonium
1915 2997 2109 3062 sistit.
2166 2997 2324 3082 Iste,

298 3085 496 3150 homo
534 3086 904 3169 acerrimuS,
939 3086 1257 3150 bonorum
1294 3106 1650 3169 possessor,
1687 3086 2009 3169 expulsor,
2046 3090 2326 3171 ereptor,

301 3196 539 3238 annum
586 3177 654 3237 et
700 3195 825 3238 sex·
857 3194 1113 3238 menses
1157 3172 1324 3237 nihil
1369 3173 1555 3256 petit,
1601 3173 1894 3257 quiescit,
1938 3174 2326 3239 condicioni-

298 3261 421 3325 bus
485 3261 684 3344 hunc,
744 3261 956 3346 quoad
1009 3263 1254 3344 potest,
1319 3260 1644 3345 producit,
1709 3284 1747 3326 a
1803 3259 1917 3326 On.
1973 3260 2326 3328 Dolabella

301 3348 573 3431 denique
619 3353 919 3432 praetore
956 3349 1270 3432 postulat,
1315 3351 1390 3413 ut
1429 3348 1555 3414 sibi
1592 3347 1929 3423 Quinctius
1966 3349 2325 3415 iudicatum
2354 3376 2411 3417 ⁸5

299 3436 470 3500 solvi
499 3436 660 3499 satis
691 3437 799 3501 det
835 3458 913 3501 ex
948 3436 1257 3501 formula:
1297 3453 1488 3513 QUOD
1526 3454 1616 3501 AB
1653 3455 1746 3502 Eo
1782 3454 2028 3521 PETAT,
2066 3455 2326 3515 QUOIUS

298 3542 393 3587 Ex
438 3539 699 3589 EDICTO
744 3541 1127 3591 PRAETORIS
1164 3541 1354 3590 BONA
1391 3542 1553 3590 DIES
1590 3543 1739 3589 xxx
1773 3542 2114 3591 PossssssA
2151 3543 2329 3591 sm'r.
