2566 4016
931 205 1080 262 CAP.
1113 213 1197 275 14,
1239 213 1303 262 15
1341 213 1373 274 ξ
1408 213 1635 263 45—50.
2204 211 2287 276 15

401 349 598 434 Quid,
655 351 714 415 si
759 350 1132 416 debuisset?
1197 352 1586 418 continuone
1632 374 1827 418 causa
1869 353 2126 439 fuisset,
2174 377 2287 420 cur

270 440 2287 614 ssdpzaffissspsszzffs‘izussssznzgssssfflssffissfflssxssssffi

269 614 437 691 Quid
500 616 708 701 igitur
763 616 1209 681 demonstrat?
1301 614 1761 682 Vadimonium
1816 618 1943 682 sibi
1997 618 2093 682 ait
2147 639 2286 683 esse

2323 378 2391 427 48

214 722 240 762 ⁵
268 704 616 769 desertum.
681 703 1054 787 Antequam
1092 703 1289 769 doceo
1333 704 1401 769 id
1446 706 1694 770 factum
1737 727 1869 771 non
1916 727 2074 790 esse,
2120 707 2284 771 libet
2308 706 2390 772 15

267 792 461 876 mihi,
516 790 584 856 O.
621 791 873 876 Aquili,
929 812 1006 856 ex
1061 790 1259 857 officii
1314 794 1566 857 ratione
1621 797 1816 878 atque
1873 815 1951 859 ex
1997 796 2286 860 omnium

264 879 731 946 consuetudine
783 899 923 945 rem
974 880 1188 963 ipsam
1243 884 1311 945 et
1359 880 1607 946 factum
1658 882 1852 947 simul
1900 880 2040 948 Sex.
2077 881 2285 948 Naevi

264 968 693 1033 considerare.
776 967 883 1031 Ad
924 968 1367 1033 vadimonium
1411 990 1544 1034 non
1586 976 1882 1054 venerat,
1926 976 2002 1036 ut
2049 972 2163 1054 ais,
2208 972 2285 1056 is,

268 1056 531 1140 quicum
574 1056 700 1119 tibi
746 1055 1063 1141 affinitas,
1113 1057 1418 1140 societaS,
1465 1080 1687 1123 omnes
1735 1021 2008 1141 denique
2055 1081 2285 1124 causae

185 1163 241 1203 ιο
268 1149 336 1209 et
362 1143 870 1210 necessitudines
893 1107 1144 1210 νθίῑθιθε
1171 1145 1672 1210 intercedebant.
1725 1145 1969 1210 Ilicone
1999 1147 2080 1209 ad
2106 1168 2286 1230 prae-

268 1237 483 1298 torem
523 1232 621 1297 ire
667 1232 1010 1297 convenit?
1058 1232 1449 1297 continuone
1493 1254 1716 1297 verum
1760 1233 1889 1297 fuit
1932 1233 2286 1318 postulare,

269 1324 349 1386 ut
383 1342 459 1385 ex
496 1320 707 1385 edicto
752 1320 925 1384 bona
970 1320 1303 1405 possidere
1348 1320 1617 1385 liceret?
1665 1321 1747 1386 ad
1791 1320 1951 1386 haec
1996 1325 2287 1386 extrema

270 1413 337 1472 et
390 1408 838 1473 inimicissima
889 1408 1035 1473 iura
1089 1412 1229 1474 tam
1282 1408 1511 1492 cupide
1568 1408 1978 1493 decurrebas,
2032 1413 2107 1474 ut
2161 1410 2286 1475 tibi

268 1497 434 1561 nihil
471 1497 542 1561 in
568 1500 920 1582 posterum,
967 1497 1139 1580 quod
1167 1497 1430 1582 gravius
1468 1501 1663 1581 atque
1707 1498 2027 1563 crudelius
2071 1498 2285 1564 facere

191 1603 242 1643 ιε
269 1605 516 1671 posseS,
561 1585 966 1650 reservares?
1047 1584 1220 1650 Nam
1259 1585 1414 1669 quid
1453 1586 1703 1650 homini
1745 1590 1966 1672 potest
2010 1588 2285 1672 turpius,

271 1674 425 1758 quid
488 1673 632 1739 viro
695 1672 992 1737 miserius
1057 1678 1172 1737 aut
1234 1674 1529 1738 acerbius
1590 1696 1713 1739 usu
1775 1675 2039 1740 venire?
2113 1674 2285 1759 quod

268 1766 531 1827 tantum
566 1762 822 1827 evenire
860 1762 1149 1845 dedecuS,
1187 1783 1352 1864 quae
1389 1766 1577 1826 tanta
1622 1763 1962 1827 calamitas
2007 1763 2286 1827 inveniri

273 1852 536 1934 potest?
613 1848 961 1915 Pecuniam
1015 1850 1072 1914 si
1126 1850 1407 1934 cuipiam
1461 1850 1725 1914 fortuna
1780 1850 2021 1913 ademit
2067 1854 2181 1914 aut
2225 1850 2285 1913 si

277 1936 547 2002 alicuius
601 1938 838 2022 eripuit
890 1937 1153 2021 iniuria,
1217 1941 1466 2019 tamen,
1527 1936 1680 2000 dum
1735 1937 2130 2002 existimatio
2186 1941 2287 2001 est

2319 1602 2389 1650 49

186 2045 243 2086 ιο
272 2027 549 2112 integ-ra,
590 2027 784 2092 facile
819 2027 1195 2091 consolatur
1229 2024 1540 2089 honestas
1576 2027 1953 2109 egestatem.
2018 2025 2111 2088 At
2153 2046 2287 2089 non
2370 2040 2373 2043 ’

263 2136 462 2179 nemo
500 2119 613 2179 aut
648 2114 1011 2200 ignominia
1057 2113 1325 2178 affectus
1373 2116 1488 2177 aut
1530 2111 1765 2176 iudicio
1812 2111 1990 2196 turpi
2035 2112 2284 2178 convic-

266 2208 378 2268 tus
434 2203 627 2267 bonis
671 2202 929 2286 quidem
976 2201 1109 2265 suis
1154 2201 1392 2279 utitur,
1446 2200 1715 2266 alterius
1763 2221 1944 2284 opes,
2001 2200 2069 2264 id
2115 2201 2287 2302 quod

267 2291 707 2356 miserrimum
744 2294 862 2373 est,
906 2311 1039 2354 non
1075 2292 1424 2374 exspectat,
1468 2289 1593 2354 hoc
1628 2292 1851 2354 tamen
1892 2288 1963 2354 in
2006 2289 2284 2354 miseriis

271 2380 645 2444 adiumento
684 2382 750 2442 et
786 2378 1027 2442 solacio
1067 2378 1460 2443 sublevatur.
1543 2375 1741 2442 Cuius
1777 2398 1932 2442 vero
1969 2378 2143 2444 bona
2183 2400 2286 2444 ve·

186 2485 242 2526 25
270 2468 559 2551 nierunt,
615 2466 796 2532 cuius
848 2487 980 2531 non
1033 2466 1226 2530 modo
1280 2466 1435 2529 illae
1482 2466 1923 2551 amplissimae
1965 2466 2286 2552 fortunae,

273 2556 386 2621 sed
414 2556 615 2620 etiam
643 2555 851 2619 victus
878 2554 1283 2637 vestitusque
1309 2553 1709 2618 necessarius
1743 2554 1862 2618 sub
1901 2576 2286 2639 praeconem

271 2666 419 2709 cum
471 2643 776 2707 dedecore
823 2641 1148 2707 subiectus
1196 2646 1322 2725 est,
1375 2642 1431 2705 is
1477 2663 1610 2706 non
1655 2642 1846 2707 modo
1895 2662 1972 2706 ex
2015 2663 2284 2707 numero

269 2733 570 2797 vivorum
625 2731 1034 2813 exturbatur,
1091 2729 1228 2813 sed,
1283 2729 1339 2793 si
1384 2729 1527 2794 fieri
1570 2733 1817 2815 potest,
1869 2729 2043 2794 infra
2088 2729 2286 2794 etiam

273 2824 567 2885 mortuos
642 2819 1043 2884 amandatur.
1148 2817 1415 2882 Etenim
1493 2839 1667 2882 mors
1744 2818 2022 2882 honesta
2095 2839 2286 2901 saepe

187 2925 244 2966 80
269 2909 479 2974 vitam
509 2928 764 2992 quoque
787 2910 1047 2991 turpem
1076 2909 1365 2990 exornat,
1401 2906 1540 2970 vita
1565 2911 1695 2971 tam
1722 2906 1932 2990 turpis
1967 2927 2049 2969 ne
2087 2905 2288 2968 morti

273 2996 533 3080 quidem
569 2996 880 3060 honestae
918 2995 1133 3059 locum
1168 2993 1498 3079 relinquit.
1568 2993 1743 3076 Ergo
1779 2993 2058 3076 hercule,
2105 2992 2284 3056 cuius

270 3086 445 3150 bona
482 3106 560 3148 ex
598 3083 806 3148 edicto
848 3082 1282 3168 possidentur,
1327 3082 1521 3146 huius
1569 3082 1778 3146 omnis
1824 3080 2002 3145 fama
2047 3084 2113 3144 et
2160 3081 2285 3144 exi·

272 3173 566 3238 stimatio
623 3193 768 3235 cum
821 3171 1011 3235 bonis
1063 3171 1256 3235 simul
1312 3170 1709 3256 possidetur3
1764 3167 1842 3233 de
1898 3190 2025 3269 quo
2077 3168 2289 3233 libelli

269 3261 340 3325 in
367 3259 806 3326 celeberrimis
825 3259 988 3324 locis
1016 3262 1485 3345 proponuntur,
1511 3258 1663 3323 huie
1682 3278 1762 3322 ne
1790 3256 2002 3340 perire
2031 3256 2287 3340 quidem

188 3367 242 3408 35
270 3349 472 3415 tacite
505 3349 907 3431 obscureque
944 3347 1342 3448 conceditur3
1383 3347 1486 3413 cui
1525 3344 1827 3431 magistri
1859 3345 2025 3409 fiunt
2069 3349 2135 3409 et
2183 3346 2289 3410 do-

272 3437 433 3502 mini
488 3436 1002 3520 constituuntur,
1058 3435 1195 3520 qui,
1251 3456 1381 3519 qua
1433 3435 1576 3518 lege
1631 3436 1699 3497 et
1744 3454 1873 3517 qua
1917 3433 2289 3499 condicione

271 3529 526 3610 pereat,
591 3524 1039 3610 pronuntient,
1104 3523 1182 3587 de
1246 3544 1375 3607 quo
1441 3518 1700 3590 homine
1764 3523 2101 3607 praeconis
2162 3543 2290 3587 vox

2324 3005 2392 3056 50
