2566 4016
776 227 913 280 LIB.
955 228 976 282 Ι
1055 226 1210 285 CAP.
1249 233 1423 281 9-11
1462 233 1493 292 ἓ
1532 233 1760 282 26-31.
2158 228 2284 294 151,

261 395 410 441 cum
444 394 563 457 per
599 391 713 437 eos
755 371 947 471 ipsos·
982 370 1135 455 dies,
1179 391 1297 456 per
1343 391 1505 454 quos
1551 391 1815 435 causam
1849 370 1977 437 Dio
2025 373 2287 456 diceret,
2338 443 2347 451 ‚

259 462 659 547 reperiretur
721 458 1026 544 pecunias
1086 457 1442 543 sumpsisse
1495 462 1785 541 mutuas,
1845 459 2113 525 nomina
2166 483 2286 526 sua

263 549 583 635 exegisse,
655 546 921 631 praedia
992 546 1384 629 vendidisse,
1455 568 1602 611 cum
1669 545 1934 611 tabulae
1996 547 2286 614 virorum

261 638 585 703 bonorum
639 634 1114 719 proferrentur,
1169 655 1343 716 cum,
1399 634 1511 717 qui
1553 633 1894 717 pecuniam
1938 633 2139 698 Dioni
2182 636 2285 700 de·

207 743 237 785 5
264 726 519 807 derunt,
555 723 841 788 dicerent
881 742 952 786 se
986 721 1120 787 iam
1154 725 1298 786 tum
1335 721 1589 787 audisse
1628 744 1703 786 eo
1749 742 2050 787 nummos
2098 723 2284 807 sumi,

263 817 343 878 ut
369 810 562 876 Verri
598 811 922 892 darentur,
960 831 1106 874 cum
1144 810 1354 892 amici,
1391 809 1703 894 hospites,
1738 810 1999 894 patroni
2032 809 2285 895 Dionis,

261 899 561 967 homines
596 897 1059 979 honestissimi,
1104 897 1268 962 haec
1303 898 1528 962 eadem
1563 919 1635 962 se
1677 897 1932 963 audisse
1971 897 2284 964 dicerent:

261 989 522 1074 opinor,
588 1008 734 1052 cum
797 986 958 1050 haec
1018 984 1275 1068 fierent,
1338 985 1481 1049 tum
1543 1006 1660 1051 vos
1716 986 2053 1069 audiretis,
2117 986 2283 1053 sicut
2321 1000 2392 1049 29

263 1076 559 1158 audistis,
603 1078 746 1139 tum
784 1094 980 1139 causa
1018 1073 1127 1158 agi
1162 1094 1314 1138 vere
1351 1073 1694 1138 videretur.
1759 1070 1864 1138 Sic
1902 1095 1941 1137 a
1982 1096 2084 1138 me
2132 1080 2285 1141 sunt

184 1183 238 1223 10
265 1168 416 1236 acta
461 1162 681 1228 omnia
723 1161 941 1262 priore
987 1161 1268 1260 actione,
1322 1164 1398 1224 ut
1441 1161 1513 1225 in
1556 1160 1936 1226 criminibus
1983 1162 2283 1227 omnibus

195 1304 200 1308 .
263 1252 520 1317 nullum
580 1253 778 1333 esset,
834 1249 906 1313 in
963 1270 1091 1332 quo
1153 1248 1495 1332 quisquam
1554 1252 1844 1313 vestrum
1903 1252 2286 1333 perpetuam

268 1339 742 1404 accusationem
779 1336 1155 1421 requireret.
1226 1335 1416 1422 Nego
1454 1357 1596 1401 esse
1643 1336 1989 1421 quicquam
2026 1357 2066 1400 a
2102 1338 2285 1402 testi·

266 1427 387 1492 bus
418 1426 678 1508 dictum,
717 1425 889 1509 quod
918 1427 1033 1489 aut
1060 1427 1353 1490 vestrum
1389 1424 1692 1509 cuiquam
1729 1428 1902 1490 esset
1939 1424 2282 1491 obscurum

265 1519 379 1581 aut
406 1515 787 1598 cuiusquam
815 1512 1095 1577 oratoris
1124 1512 1565 1596 eloquentiam
1602 1516 1957 1597 quaereret.
2020 1513 2284 1580 Etenim
2305 1511 2386 1575 11

186 1619 238 1662 ιι
265 1604 357 1669 sic
413 1625 517 1668 me
563 1602 779 1685 ipsum
836 1601 1049 1686 egisse
1092 1600 1410 1666 memoria
1452 1601 1717 1685 tenetis,
1770 1604 1844 1665 ut
1887 1601 1957 1666 in
2000 1603 2282 1668 testibus

261 1689 745 1777 interrogandis
775 1688 995 1753 omnia
1021 1689 1295 1754 crimina
1321 1710 1752 1774 proponerem
1781 1693 1847 1754 et
1875 1690 2284 1775 explicarem,

262 1784 358 1861 ut,
404 1800 551 1843 cum
586 1798 724 1841 rem
759 1779 972 1841 totam
1017 1776 1088 1840 in
1131 1776 1346 1841 medio
1393 1777 1775 1861 posuissem,
1819 1780 1963 1841 tum
2009 1777 2283 1860 denique

265 1869 507 1930 testem
532 1865 1020 1950 interrogarem.
1082 1863 1313 1948 Itaque
1341 1885 1473 1928 non
1506 1864 1698 1929 modo
1733 1885 1870 1944 voS,
1907 1865 2143 1947 quibus
2182 1868 2283 1929 est

267 1952 694 2036 iudicandum,
738 1956 966 2018 nostra
1002 1951 1275 2017 crimina
1311 1950 1569 2034 tenetis,
1616 1950 1728 2015 sed
1764 1950 1965 2015 etiam
2002 1952 2283 2035 populus

184 2061 242 2103 so
268 2042 601 2108 Romanus
647 2045 858 2106 totam
906 2040 1384 2106 accusationem
1429 2060 1818 2123 causamque
1863 2040 2192 2124 cognovit.

397 2129 690 2195 Tametsi
734 2129 830 2194 ita
876 2129 953 2192 de
1000 2149 1144 2192 meo
1189 2127 1366 2192 facto
1413 2127 1674 2210 loquor,
1719 2126 1906 2226 quasi
1951 2148 2073 2212 ego
2119 2127 2285 2192 illud

263 2240 413 2284 mea
470 2218 809 2283 voluntate
870 2216 1090 2300 potius
1151 2237 1349 2299 quam
1406 2219 1628 2279 vestra
1678 2213 1918 2279 iniuria
1969 2214 2282 2281 adductus

262 2307 544 2372 fecerim.
642 2304 865 2389 Interp
872 2304 1136 2369 osuistis
1184 2307 1670 2404 accusatorem,
1743 2302 1881 2387 qui,
1948 2325 2095 2369 cum
2159 2325 2282 2391 ego
2320 2316 2392 2365 30

267 2395 430 2459 mihi
478 2410 518 2458 c
566 2396 634 2457 et
678 2411 727 2456 x
773 2328 907 2456 dipes
956 2392 1134 2457 solos
1178 2391 1250 2456 ιιι
1296 2389 1586 2457 Siciliam
1629 2391 2085 2476 postulassem,
2131 2409 2172 2459 c
2218 2396 2345 2457 et

186 2498 239 2540 ²⁶
265 2500 394 2547 vm
458 2481 585 2547 sibi
636 2480 708 2544 ιιι
760 2479 1081 2544 Achaiam
1139 2480 1523 2562 postularet.
1619 2478 1876 2544 Menses
1931 2480 2095 2545 mihi
2147 2485 2283 2546 tres

265 2592 413 2635 cum
455 2568 858 2653 eripuissetis
906 2567 989 2633 ad
1021 2558 1356 2654 agendum
1402 2567 1682 2632 maxime
1728 2569 2094 2669 appositos,
2138 2570 2285 2633 reli·

267 2679 467 2740 quum
502 2678 691 2722 omne
732 2659 991 2739 tempus
1036 2655 1231 2719 huius
1277 2655 1433 2720 anni
1477 2676 1582 2720 me
1625 2655 1812 2720 vobis
1858 2656 2285 2755 remissurum

266 2744 575 2828 putastis,
628 2747 730 2827 ut,
784 2765 932 2808 cum
985 2742 1167 2807 horis
1220 2743 1468 2808 nostris
1521 2764 1644 2808 nos
1694 2762 1981 2807 essemus
2025 2741 2155 2824 usi,
2209 2746 2284 2807 tu

266 2831 442 2897 binis
477 2832 644 2897 ludis
680 2831 1086 2916 interpositis
1135 2830 1633 2915 quadragesimo
1678 2833 1832 2914 post
1877 2830 1979 2894 die
2023 2850 2285 2913 respon·

184 2938 239 2980 so
267 2920 471 3003 deres,
515 2919 742 2985 deinde
779 2919 875 2984 ita
912 2923 1170 3002 tempus
1208 2918 1563 3001 duceretur,
1608 2921 1684 2982 ut
1722 2940 1760 2982 a
1796 2917 1901 2981 Μ’.
1930 2916 2285 2982 Glabrione

262 3012 565 3093 praetore
621 3012 689 3072 et
743 3030 782 3072 a
837 3028 1077 3092 magna
1128 3009 1317 3090 parte
1369 3006 1604 3070 horum
1649 3004 1932 3070 iudicum
1979 3004 2061 3069 ad
2104 3026 2286 3088 prae-

262 3100 475 3162 torem
554 3096 756 3160 alium
829 3095 1199 3178 iudicesque
1277 3093 1440 3159 alios
1517 3093 1902 3158 veniremus,
2012 3090 2158 3157 Hoc
2229 3092 2288 3158 si
2323 3104 2394 3154 31

263 3205 387 3271 ego
441 3205 576 3249 non
629 3183 965 3267 vidissem,
1020 3183 1077 3246 si
1131 3203 1233 3247 me
1286 3203 1423 3247 non
1475 3202 1698 3282 omnes
1750 3179 1896 3245 noti
1948 3179 2286 3265 ignotique

263 3272 696 3355 monuissent,
753 3271 822 3336 id
874 3271 1013 3356 agi,
1066 3270 1135 3335 id
1189 3268 1494 3355 cogitari,
1546 3269 1619 3333 in
1672 3289 1747 3332 eo
1803 3267 2157 3351 elaborari,
2212 3271 2289 3335 ut

179 3377 233 3420 se
262 3381 366 3425 res
404 3361 473 3425 in
510 3359 677 3424 illud
712 3362 968 3443 tempus
1011 3358 1379 3439 reiceretur,
1426 3355 1633 3439 crede,
1681 3355 1739 3420 si
1785 3354 1946 3420 meis
1991 3355 2174 3422 horis
2219 3357 2290 3424 in

263 3446 626 3513 accusando
663 3448 766 3511 uti
783 3446 1173 3531 voluissem,
1210 3464 1484 3526 vererer,
1527 3465 1609 3508 ne
1647 3443 1811 3509 mihi
1847 3443 2121 3510 crimina
2154 3467 2291 3511 non

265 3537 711 3618 suppeterent,
771 3556 856 3599 ne
909 3534 1119 3600 oratio
1176 3533 1457 3615 deesset,
1513 3553 1595 3597 ne
1648 3553 1776 3597 vox
1828 3532 2127 3618 viresque
2183 3534 2290 3599 de·
