2566 4016
325 206 456 270 302
914 202 994 257 IN
1032 202 1088 256 C.
1126 201 1436 257 VERREM
1472 202 1631 257 ACT.
1668 201 1737 254 H.

327 350 506 431 dare,-
557 370 639 412 ne
690 347 863 412 forte
918 346 1001 411 ab
1055 350 1374 411 nocturno
1433 367 1549 410 suo
1602 348 1879 429 quaestu
1924 343 2213 409 animum
2262 345 2345 409 ad

208 453 287 511 ,79
326 435 676 521 vectigalia
701 434 1073 500 redimenda
1097 434 1501 498 transferret.
1563 432 1992 497 Transactum
2019 432 2345 516 putabant

324 524 776 607 HerbitenseS,
831 545 976 587 cum
1029 522 1181 586 iste:
1249 520 1512 596 ‘Quidv
1568 520 1655 587 de
1709 518 2048 602 hordeo',
2110 521 2344 604 inquit,

329 613 435 677 ‘et
489 612 574 676 de
618 611 961 692 Docimo,
1026 609 1359 674 amiculo
1421 630 1611 692 meo,
1668 608 1850 692 quid
1894 606 2341 694 cogitatis?

327 701 545 784 Atque
581 701 706 763 hoc
751 699 991 783 agebat
1033 697 1105 762 in
1148 697 1478 778 cubiculo,
1507 696 1769 780 iudices,
1811 700 2022 779 atque„
2057 696 2128 760 in
2172 696 2342 763 lecto
2373 712 2405 752 5

329 810 463 853 suo.
558 786 624 850 N
627 787 912 871 egabant
971 785 1074 849 illi
1138 785 1520 869 quicquamst
1549 783 1676 849 sibi
1737 806 1883 849 esse
1945 783 2345 849 mandatum.

329 876 529 940 ‘Non
571 873 852 960 ⁴audio-3
924 876 1320 937 numerate
1382 869 1504 937 HS
1566 871 1712 936 sifi?
1801 870 1985 946 ‚Quid
2055 872 2347 937 facerent

328 961 573 1026 miseri
596 965 709 1025 aut
756 960 910 1043 quid
954 961 1403 1025 recusarent?
1435 961 1823 1044 praesertim
1847 972 2015 1025 'cum
2059 959 2129 1024 in
2174 960 2344 1024 lecto

328 1051 718 1115 decumanae
764 1048 1055 1113 mulieris
1100 1047 1398 1132 vestigia
1424 1047 1717 1112 viderent
1745 1047 2063 1129 recentia,
2109 1047 2346 1131 quibus

327 1139 517 1202 illum
551 1136 944 1202 inflammari
980 1135 1063 1200 ad
1098 1135 1639 1219 perseverandum
1673 1135 2164 1220 intellegebant.
2240 1133 2351 1198 Ita
2381 1154 2435 1192 ιο

329 1226 560 1292 civitas
616 1247 746 1289 una
800 1224 1128 1289 sociorum
1182 1228 1379 1307 atque
1434 1224 1796 1288 amicorum·
1843 1223 2093 1288 duabus
2137 1223 2351 1286 deter-

329 1315 513 1378 rimis
560 1312 954 1377 mulierculis
991 1310 1195 1376 Verre
1240 1314 1546 1395 praetore
1587 1311 1936 1395 vectigalis.
1974 1310 2117 1375 fuit.

464 1404 680 1483 Atque
746 1420 867 1484 ego
930 1422 1101 1464 nunc
1155 1421 1304 1463 eum
1357 1399 1668 1463 frumenti
1720 1410 2076 1469 numerum?
2116 1401 2184 1462 et
2236 1419 2350 1462 eas

331 1487 634 1573 pecunias
698 1487 955 1572 publice
1019 1487 1388 1551 decumanis
1453 1486 1535 1551 ab
1595 1485 2094 1551 Herbitensibus
2159 1485 2350 1550 datas

332 1597 473 1640 esse
510 1574 680 1658 dico;
726 1597 855 1659 quo
891 1574 995 1638 illi
1026 1574 1355 1639 frumento
1399 1577 1465 1637 et
1511 1573 1745 1657 quibus
1791 1574 2082 1658 pecuniis
2125 1577 2353 1639 tamen
2382 1590 2435 1631 15

332 1664 416 1727 ab
470 1662 969 1728 decumanorum
1021 1660 1276 1725 iniuriis
1331 1661 1502 1725 cives
1548 1683 1699 1727 suos
1744 1683 1877 1726 non
1922 1661 2378 1727 redemerunt..

330 1751 613 1815 Perditis
677 1750 849 1814 enim
909 1749 1043 1812 iam
1105 1754 1173 1813 et
1232 1749 1501 1832 direptis
1557 1753 1890 1814 aratorum
1944 1749 2133 1818 bonis
2186 1749 2354 1813 haec

333 1838 701 1904 decumanis
766 1857 1010 1900 merces
1076 1837 1377 1920 dabatur,
1439 1840 1515 1901 ut
1578 1837 1926 1920 aliquando
1992 1858 2089 1905 ex⁴
2125 1858 2354 1905 eorum

227 1940 297 1989 80
334 1927 510 2013 agris
555 1929 749 2010 atque
796 1946 874 1989 ex
919 1924 1189 1989 urbibus
1237 1925 1510 1989 abirent.
1590 1923 1823 2008 Itaque
1866 1946 2014 1989 cum
2050 1924 2352 1989 Philinus

331 2014 763 2096 Herbitensis,
798 2014 995 2077 homo
1032 2014 1314 2078 disertus
1352 2017 1417 2079 et
1454 2012 1737 2097 prudens
1775 2017 1852 2082 et.
1878 2013 2053 2078 domi
2088 2012 2355 2095 nobilis,
2383 2032 2436 2070 πο

332 2104 411 2167 de
466 2103 839 2168 calamitate
896 2104 1230 2165 aratorum
1274 2105 1342 2165 et
1388 2100 1465 2165 de
1508 2100 1670 2185 fuga
1714 2104 1780 2164 et
1827 2100 1905 2165 de
1948 2101 2357 2184 reliquorum

331 2191 660 2275 paucitate
731 2189 991 2272 publice
1056 2188 1322 2271 diceret,
1395 2188 1947 2253 animadvertistis
2015 2188 2359 2273 gemitum,

330 2279 600 2359 iudiceS‚
653 2275 881 2358 populi
923 2275 1230 2357 Romani,
1285 2275 1465 2339 cuius
1513 2275 1880 2359 frequentia
1923 2276 2074 2340 huic
2117 2297 2358 2341 causae

330 2384 686 2446 numquam
755 2360 975 2426 defuit.
1077 2360 1218 2436 Qua
1283 2362 1363 2426 de
1430 2363 1756 2446 paucitate
1822 2366 2155 2430 aratorum
2221 2364 2358 2428 alio
2528 2333 2530 2464 4

332 2452 477 2514 1000
524 2450 751 2513 dicam.
858 2493 861 2496 ι
2385 2468 2437 2509 n

230 2544 315 2610 35
465 2536 530 2601 N
531 2557 655 2600 unc
688 2536 872 2619 illud,
918 2536 1090 2621 quod
1125 2538 1451 2621 praeterii,
1499 2559 1633 2602 non
1677 2539 1943 2604 omnino
1989 2539 2359 2622 relinquen-

334 2626 487 2690 dum
550 2624 820 2688 videtur.
910 2623 1110 2708 Nam,
1165 2647 1282 2709 per
1339 2626 1491 2690 deos
1544 2626 1981 2691 immortales!
2046 2627 2221 2710 quod
2275 2627 2361 2690 de

335 2714 547 2798 capite
573 2713 700 2776 iste
732 2712 1033 2795 dempsit,
1068 2735 1195 2797 quo
1231 2714 1496 2777 tandem
1535 2714 1725 2779 modo
1762 2714 1950 2778 vobis
1987 2735 2122 2779 non
2151 2714 2361 2779 ‘modo

228 2816 294 2864 81
331 2801 696 2883 ferendum,
756 2821 982 2865 verum
1047 2801 1246 2864 etiam
1311 2801 1697 2865 audiendum
1758 2801 2056 2866 videtur?
2164 2800 2360 2866 Unus
2526 2807 2528 2952 A

335 2889 543 2955 adhuc
567 2888 697 2952 fuit
722 2891 874 2973 post
900 2887 1179 2953 Romam
1206 2887 1534 2953 conditam
1562 2886 1658 2970 (di
1683 2888 2089 2954 immortales
2121 2889 2363 2973 faxint,
2390 2908 2438 2949 ω

332 2999 413 3042 110
461 2977 548 3042 sit
594 2977 761 3040 alter
771 2978 834 3060 1),
884 2976 988 3040 cui
1030 2997 1136 3040 res
1181 2975 1444 3060 publica
1488 2979 1700 3041 totam
1747 2998 1816 3040 se
1861 2978 2150 3042 traderet
2194 2981 2364 3041 tem·

333 3065 600 3148 poribus
666 3068 732 3128 et
795 3063 989 3127 malis
1052 3066 1277 3128 coacta
1342 3063 1740 3146 domesticis,
1803 3063 1872 3128 L.
1926 3063 2127 3129 Sulla.
2227 3063 2364 3129 Hic

333 3156 594 3217 tantum
639 3151 882 3234 potuit,
925 3154 1001 3214 ut
1043 3172 1233 3215 nemo
1280 3151 1399 3215 illo
1445 3150 1653 3216 invito
1698 3173 1817 3216 nec
1861 3153 2037 3217 bona
2078 3173 2199 3216 nec
2244 3175 2365 3236 pa-

333 3241 532 3304 triam
567 3261 688 3304 nec
722 3239 929 3304 vitam
965 3238 1244 3302 retinere
1279 3242 1532 3322 posset3
1578 3242 1838 3304 tantum
1876 3239 2076 3304 animi
2119 3240 2367 3304 habuit
2525 3297 2526 3302 ,

336 3327 418 3389 ad
446 3327 799 3409 audaciam,
836 3329 911 3390 ut
942 3325 1149 3390 dicere
1184 3326 1256 3390 in
1293 3327 1591 3392 contione
1626 3348 1761 3393 non
1796 3326 2143 3409 dubitaret,
2181 3329 2368 3392 bona
2392 3343 2442 3385 ⁸⁵
2524 3309 2526 3442 J

338 3412 572 3475 civium
616 3413 1062 3478 Romanorum
1116 3435 1262 3478 cum
1310 3415 1640 3497 venderet,
1695 3436 1765 3479 se
1810 3415 2121 3498 praedam
2167 3437 2366 3480 suam

336 3497 625 3561 vendere.
696 3500 856 3563 Eius
886 3522 1107 3565 omnes
1143 3523 1247 3566 res
1288 3507 1507 3587 gestas
1544 3523 1677 3566 non
1715 3503 1926 3567 solum
1965 3502 2367 3588 obtinemus,
