2566 4016
291 236 420 299 130
764 234 841 288 IN
882 235 938 288 C.
977 232 1287 288 VERREM
1322 233 1541 288 ACTIO
1577 231 1826 286 PRIMA.

181 336 253 458 23
421 377 837 444 Sollicitabar
871 377 1066 442 rebus
1102 377 1403 442 maximis
1443 398 1573 441 uno
1611 380 1820 461 atque<
1843 396 1919 444 eo
1954 377 2309 461 perexiguo

288 469 597 551 tempore.
674 464 1018 552 Urgebant
1064 464 1348 547 comitia,
1394 468 1462 529 et
1504 465 1574 528 in
1618 463 1722 528 his
1766 463 1928 548 ipsis
1974 485 2309 550 oppugna-

285 555 407 619 bar
476 553 706 639 grandi
777 553 1077 638 pecunia3
1145 553 1439 620 instabat
1512 551 1846 635 iudicium,
1920 552 1981 617 ei
2014 574 2308 637 ·quoque

285 642 592 796 {³333
608 638 1983 814 ἳέἓιὶῗὲῗὲῗῗῗῗωθῗᾷᾙὲἓᾘεέἒέη
2001 641 2306 802 ‘³3³0inssss
2332 755 2360 795 ὃ

1041 778 1060 812 ,
2136 793 2137 796 ,
2224 795 2227 800 .

286 818 433 901 bar3
487 816 788 900 petitioni
833 821 976 882 toto
1023 817 1242 882 animo
1288 816 1531 882 servire
1574 837 1708 880 non
1751 816 2017 900 licebat5
2070 817 2308 891 minari

288 904 561 988 denique
598 904 986 969 divisoribus
1023 904 1193 970 ratio
1228 926 1363 969 non
1399 907 1556 987 erat,
1591 908 1951 989 propterea.
1974 905 2146 988 quod
2192 926 2304 971 eos

286 993 667 1078 intellegere
713 992 1012 1057 videbam
1056 1014 1161 1057 me
1214 992 1340 1057 hoc
1390 991 1628 1057 iudicio
1685 991 2052 1058 districtum
2108 997 2304 1075 atque

182 1096 252 1146 25
290 1080 654 1165 obligatum
710 1079 1019 1145 futurum.
1109 1079 1329 1165 Atque
1373 1079 1498 1148 hoc
1540 1079 1687 1163 ipso
1734 1084 2025 1165 tempore
2070 1078 2332 1160 Siculis·

288 1168 738 1234 denuntiatum
774 1189 916 1233 esse
952 1167 1143 1233 audio
1180 1167 1465 1251 primum
1502 1166 1585 1231 ab
1621 1166 1994 1252 Hortensio,
2040 1168 2304 1233 domum
2334 1194 2388 1234 10

290 1255 372 1322 ad
415 1257 604 1321 illum
641 1260 716 1322 ut
750 1256 1074 1340 venirent,
1112 1254 1363 1321 Siculos
1400 1256 1471 1329 in
1504 1276 1581 1321 eo
1618 1276 1771 1322 sane
1808 1256 2050 1321 liberos
2083 1256 2306 1339 fuisse,

290 1344 425 1428 qui,
480 1365 676 1427 quam
731 1344 816 1409 ob
870 1365 1009 1409 rem
1063 1348 1565 1427 arcesserentur,
1629 1365 1774 1410 cum
1828 1344 2307 1429 intellegerent,
2402 1421 2410 1426 ,

286 1453 418 1496 non
462 1432 732 1496 venisse.
812 1430 1072 1496 Interea
1118 1429 1385 1497 comitia
1425 1435 1680 1516 nostra,
1728 1452 2001 1515 quorum
2045 1433 2170 1497 iste
2217 1452 2305 1515 se,

286 1524 363 1583 ut
417 1523 777 1583 ceterorum
837 1519 963 1584 hoc
1025 1540 1193 1584 anno
1257 1520 1696 1603 comitiorum,
1761 1520 2093 1586 dominum
2162 1541 2303 1585 esse

288 1606 758 1692 arbitrabatur,
805 1605 1035 1671 haberi
1080 1611 1312 1692 coepta
1357 1612 1524 1672 sunt.
1615 1605 1890 1673 Cursare
1933 1608 2060 1674 iste
2103 1606 2302 1674 homo
2330 1633 2386 1673 ιε

284 1700 517 1780 potens
582 1715 730 1760 cum
790 1694 930 1759 filio
992 1695 1231 1760 blando
1298 1699 1364 1759 et
1428 1694 1717 1781 gratioso
1777 1696 2018 1762 circum
2071 1696 2302 1781 tribus,

283 1788 592 1867 paternos
638 1781 908 1865 amicos,
962 1782 1086 1847 hoc
1140 1787 1240 1847 est
1297 1782 1609 1848 divisores
1618 1833 1637 1865 ,
1693 1785 2024 1868 appellare
2077 1806 2301 1849 omnes

284 1876 352 1937 et
396 1870 753 1937 convenire.
826 1868 1011 1945 Quod
1055 1892 1202 1935 cum
1249 1875 1420 1936 esset
1462 1872 1865 1937 intellectum
1913 1877 1980 1938 et
2017 1872 2301 1946 animad-

284 1981 568 2045 versum,
629 1958 788 2026 fecit
849 1958 1063 2025 animo
1127 1958 1560 2025 libentissimo
1613 1959 1894 2046 populus
1948 1958 2300 2046 Romanus,

283 2053 374 2132 ut,
419 2050 597 2115 cuius
637 2047 901 2118 divitiae
946 2070 1049 2113 me
1095 2048 1172 2113 de
1216 2048 1343 2113 fide
1389 2047 1697 2114 deducere
1740 2070 1873 2114 non
1915 2049 2300 2134 potuissent,
2327 2073 2387 2115 so

177 2149 250 2198 26
281 2158 363 2201 ne
409 2137 694 2202 eiusdem
740 2135 1012 2221 pecunia
1057 2135 1133 2200 de
1178 2135 1424 2201 honore
1479 2136 1773 2203 deicerer.
1862 2136 2299 2221 Posteaquam

281 2225 401 2289 illa
443 2223 779 2309 petitionis
824 2243 1066 2307 magna
1109 2245 1280 2289 cura>
1300 2223 1614 2289 liberatus
1652 2246 1813 2309 sum,
1859 2226 2076 2291 animo
2112 2226 2300 2311 coepi

282 2313 492 2376 multo
548 2311 758 2395 magis
813 2331 1016 2375 vacuo
1071 2331 1148 2375 ac
1203 2310 1420 2376 soluto
1473 2312 1642 2378 nihil
1688 2313 1866 2378 aliud
1907 2315 2036 2379 nisi
2083 2313 2161 2379 de
2204 2314 2298 2379 iu-

284 2399 449 2464 dicio
514 2418 707 2483 agere
772 2403 838 2463 et
892 2397 1197 2483 cogitare.
1297 2397 1577 2484 Reperio
1585 2452 1604 2486 ,
1665 2401 1934 2486 iudices,
1996 2401 2157 2468 haec
2212 2402 2295 2466 ab

281 2486 427 2552 istis
472 2485 743 2552 consilia
784 2485 951 2552 inita
996 2490 1062 2550 et
1106 2487 1490 2573 constituta,
1533 2494 1635 2573 ut,
1686 2511 2086 2574 quacumque
2133 2511 2296 2574 opus
2325 2518 2381 2557 ιε

284 2579 454 2640 esset
497 2574 768 2659 ratione,
812 2596 916 2639 res
960 2574 1057 2640 ita
1101 2574 1457 2660 duceretur,
1501 2582 1577 2642 ut
1621 2577 1793 2662 apud
1837 2577 1922 2645 M.
1955 2579 2298 2645 Metellum

280 2661 647 2749 praetorem
683 2684 880 2729 causa
914 2662 1247 2728 diceretur.
1319 2663 1400 2729 In
1435 2685 1510 2729 eo
1549 2686 1689 2731 esse
1725 2665 1885 2731 haec
1930 2667 2293 2733 commoda:

281 2753 564 2837 primum
616 2751 703 2817 M.
748 2751 1088 2817 Metellum
1146 2752 1637 2835 amicissimum,
1693 2753 1918 2820 deinde
1964 2755 2294 2820 consulem

278 2863 411 2906 non
470 2841 681 2906 solum
736 2838 808 2915 Q.
861 2838 1313 2924 Hortensium,
1377 2841 1488 2905 sed
1552 2841 1750 2908 etiam
1807 2840 1882 2918 Q.
1935 2841 2295 2925 Metellum,

282 2931 391 3014 qui
435 2951 631 3013 quam
675 2928 788 2993 isti
835 2927 922 2993 sit
966 2928 1237 3011 amicus,
1283 2929 1628 3012 attendite;
1675 2929 1852 2996 dedit
1896 2931 2070 3003 enim
2113 2952 2295 3016 prae·
2327 2958 2383 2998 ω

279 3017 645 3104 rogativam
694 3038 846 3081 suae
881 3017 1238 3082 voluntatis
1286 3016 1422 3082 eius
1458 3017 1652 3102 modi,
1696 3023 1772 3084 ut
1806 3019 1920 3083 isti
1953 3040 2074 3104 pro
2112 3040 2296 3104 prae·

279 3105 596 3192 rogativis
639 3105 774 3170 iam
818 3104 1171 3169 reddidisse
1215 3105 1526 3171 videatur*

174 3205 242 3252 27
411 3194 520 3258 An
544 3224 550 3232 ·
572 3216 675 3258 me
728 3193 1079 3259 taciturum
1131 3193 1335 3258 tantis
1394 3193 1470 3258 de
1531 3194 1724 3259 rebus
1788 3194 2295 3279 existimavistis,

280 3286 347 3346 et
396 3304 501 3347 me
554 3282 625 3346 in
675 3287 862 3347 tanto
917 3282 1011 3346 rei
1065 3281 1362 3364 publicae
1425 3281 2047 3366 existimationisque
2111 3304 2295 3348 meae

279 3368 564 3451 periculo
627 3371 929 3455 cuiquam
999 3369 1445 3435 consulturum
1516 3371 1734 3455 potius
1808 3393 2004 3455 quam
2077 3371 2294 3437 officio
2325 3396 2383 3438 ³5

281 3460 348 3518 et
402 3455 707 3539 dignitati
761 3457 986 3523 meae?
1076 3457 1369 3522 Arcessit
1423 3458 1589 3522 alter
1644 3460 1869 3524 consul
1915 3459 2295 3543 designatus

281 3539 559 3626 Siculos3
602 3544 867 3610 veniunt
901 3567 1033 3610 non
1068 3546 1252 3626 nulli,
1291 3551 1637 3631 propterea
1681 3548 1854 3634 quod
1880 3547 1951 3613 L.
1987 3547 2295 3618 Metellus
