2566 4016
310 220 441 284 104
793 218 873 272 IN
911 218 956 285 Q
1014 217 1409 273 CAECILIUM
1449 217 1850 273 DIVINATIO.

304 364 720 430 familiariter
761 362 1137 427 inimicitias
1185 383 1479 428 exercere
1524 362 1799 427 videare.
1882 362 2132 427 Deinde
2181 368 2335 429 sunt

307 457 507 518 testes
571 454 690 517 viri
749 451 1097 516 clarissimi
1160 454 1425 516 nostrae
1489 450 1803 534 civitatiS,
1878 471 2039 534 quos
2106 472 2333 517 omnes

307 564 345 605 a
411 563 512 606 me
586 540 905 605 nominari
966 560 1099 604 non
1163 542 1264 603 est
1327 537 1615 622 uecesse;
1688 558 1827 623 eoa,
1900 539 2012 622 qui
2077 540 2335 625 adsunt,

306 629 681 713 appellab03
728 647 890 712 quos
901 677 918 710 ,
966 628 1021 691 si
1067 627 1407 711 mentirer,
1452 630 1656 691 testes
1703 647 1844 690 esse
1889 627 2333 711 impudentiae

305 737 486 780 meae
548 716 812 779 minime
876 716 1127 779 vellem.
1227 712 1365 780 Scit
1428 715 1511 799 is,
1576 714 1685 798 qui
1750 718 1851 778 est
1914 716 1985 778 in
2039 716 2332 801 consilio,
2359 740 2387 780 5

306 802 374 870 C.
411 803 778 888 Marcellus,
826 803 949 868 scit
994 804 1069 885 is,
1115 825 1307 886 quem
1354 803 1579 868 adesse
1614 801 1821 887 video,
1863 799 1975 867 Cn.
2013 802 2332 868 Lentulus

303 892 747 975 Marcellinus3
785 912 1058 975 quorum
1094 891 1219 955 fide
1248 895 1444 975 atque
1472 890 1793 975 praesidio
1822 887 2022 955 Siculi
2049 892 2331 956 maxime

305 981 631 1062 nituntur,
684 980 856 1063 quod
916 979 1179 1043 omnino
1224 978 1686 1043 Marcellorum
1730 980 1979 1042 nomini
2023 983 2167 1044 tota.
2211 980 2333 1044 illa

196 1089 268 1138 14
305 1068 641 1153 provincia
698 1068 1000 1132 adiuncta
1055 1070 1173 1131 est.
1273 1066 1365 1131 Hi
1421 1068 1634 1132 sciunt
1686 1066 1810 1131 hoc
1864 1088 1996 1131 11011
2048 1068 2241 1132 1110ἀο
2289 1090 2331 1132 a

305 1178 409 1220 me
445 1156 723 1240 petitum
763 1176 921 1237 esse,
967 1155 1080 1220 sed
1114 1156 1211 1220 ita
1256 1175 1448 1239 saepe
1495 1158 1562 1219 et
1607 1155 1703 1218 ita
1748 1154 2159 1220 vehementer
2187 1177 2330 1220 esse
2360 1182 2417 1221 10

306 1243 611 1329 petitum,
679 1248 755 1309 ut
818 1248 933 1308 aut
996 1263 1193 1308 causa
1255 1243 1420 1308 mihi
1484 1242 1892 1327 suscipienda
1954 1244 2153 1308 fuerit
2213 1249 2337 1308 aut·

306 1332 595 1397 officium
649 1331 1142 1396 necessitudinis
1206 1331 1695 1418 repudiandum.
1798 1329 1924 1396 Sed
1988 1331 2143 1414 quid
2207 1347 2332 1417 ego

304 1419 409 1483 his
464 1420 747 1484 testibus
802 1423 979 1503 utor,
1040 1419 1227 1502 quasi
1281 1433 1389 1483 res
1443 1419 1639 1483 dubia
1692 1422 1807 1483 aut
1861 1420 2135 1484 obscura
2200 1420 2332 1484 sit?

306 1506 567 1571 Adsunt
630 1506 925 1571 homines
991 1521 1070 1570 ex
1130 1510 1275 1571 tota
1337 1506 1674 1591 provincia
1733 1506 2154 1590 nobilissimi,
2219 1508 2334 1591 qui

306 1598 680 1679 praesentes
728 1615 844 1658 vos
891 1599 1084 1659 orant
1130 1599 1327 1678 atque
1383 1595 1752 1677 obsecrant,
1808 1594 2079 1679 iudices,
2134 1599 2209 1659 ut
2261 1596 2332 1660 in
2359 1619 2415 1660 15

306 1687 526 1747 actore
572 1697 801 1747 causae
850 1703 1003 1747 suae
1050 1681 1391 1766 deligendo
1427 1685 1718 1747 vestrum
1753 1682 2060 1748 iudicium
2099 1684 2182 1748 ab
2213 1703 2333 1748 suo'

303 1770 540 1835 iudicio
577 1792 659 1835 ne
697 1770 1035 1855 discrepet.
1107 1768 1414 1835 Omnium
1452 1770 1790 1835 civitatum
1826 1771 2031 1835 totius
2070 1769 2332 1836 Siciliae

304 1859 667 1944 legationes
751 1858 987 1923 adsunt
1067 1862 1328 1943 praeter
1410 1857 1569 1922 duas
1647 1858 1973 1941 civitates3
2055 1875 2332 1943 quarum

306 1947 575 2013 duarum
617 1947 673 2012 si
711 1946 1031 2032 adessent,
1075 1946 1201 2012 duo
1231 1946 1502 2013 crimina
1528 1946 1632 2011 vel
1661 1946 1946 2012 maxima
1973 1947 2332 2032 minueren-

303 2039 439 2117 tur,
494 2056 658 2121 quae
713 2054 858 2101 cum
911 2036 1015 2100 his
1071 2035 1448 2100 civitatibus
1506 2033 1574 2099 O.
1618 2033 1812 2099 Verri
1857 2037 2332 2102 communicata
2359 2061 2416 2101 20

201 2143 268 2193 15
307 2127 474 2188 sunt.
562 2125 651 2187 At
688 2124 860 2188 enim
907 2142 1020 2188 eur
1066 2146 1105 2187 a
1151 2145 1254 2187 me
1302 2123 1719 2206 potissimum
1763 2123 1888 2188 hoc
1933 2124 2329 2209 praesidium

304 2211 719 2296 petiverunt?
791 2208 859 2274 Si
897 2214 1069 2273 esset
1106 2210 1390 2293 dubium,
1425 2211 1746 2294 petissent
1780 2233 1998 2296 necne,
2035 2212 2331 2297 dicerem,

306 2321 421 2364 cur
465 2299 802 2381 petissent.
892 2296 1077 2361 Nunc
1122 2318 1276 2361 vero
1324 2319 1469 2362 cum
1516 2298 1581 2361 id
1625 2299 1721 2363 ita
1764 2300 2177 2385 perspicuum
2224 2302 2331 2386 sit,

308 2391 380 2449 ut
437 2386 642 2449 oculis
697 2385 978 2449 iudicare
1034 2385 1329 2469 possitiS,
1382 2387 1628 2468 nescio,
1682 2409 1795 2450 cur
1849 2387 1972 2453 hoc
2017 2388 2179 2452 mihi
2228 2389 2331 2453 de-

304 2472 615 2536 trimento
663 2488 803 2536 esse
849 2472 1098 2557 debeat,
1147 2473 1203 2537 si
1242 2473 1309 2536 id
1348 2473 1507 2538 mihi
1545 2474 1882 2558 obiciatur,
1927 2496 2031 2540 me
2066 2477 2329 2561 potissi·
2356 2500 2408 2541 25

203 2584 269 2632 16
307 2582 486 2624 mum
535 2580 673 2625 esse
722 2559 1057 2626 delectum.
1148 2560 1391 2626 Verum
1445 2562 1512 2625 id
1567 2562 1728 2626 mihi
1780 2584 1914 2628 non
1967 2580 2179 2648 sume,
2231 2566 2332 2629 iu-

307 2650 504 2731 dices,
560 2652 626 2713 et
679 2649 803 2714 hoc
857 2660 988 2714 non
1042 2650 1235 2714 modo
1293 2651 1361 2713 in
1414 2650 1708 2714 oratione
1763 2670 1908 2715 mea
1959 2674 2092 2717 11011
2136 2674 2331 2738 pono,

306 2737 418 2801 sed
465 2758 544 2801 ne
602 2738 669 2800 in
728 2737 1028 2821 opinione
1085 2737 1345 2820 quidem
1409 2738 1788 2822 cuiusquam
1843 2740 2169 2823 relinquo,
2224 2760 2333 2806 me

307 2824 605 2890 omnibus
651 2826 947 2909 patronis
993 2845 1133 2889 esse
1177 2826 1641 2910 praepositum.
1722 2825 1875 2892 Non
1908 2828 2005 2892 ita
2040 2833 2171 2912 est3
2216 2829 2330 2893 sed

303 2914 494 2978 unius
570 2913 877 2996 cuiusque
947 2913 1261 2998 temporis
1271 2963 1291 2998 ,
1361 2913 1752 2978 valetudinis
1761 2964 1779 2997 ,
1843 2913 2181 2981 facultatis
2246 2917 2329 2981 ad
2354 2940 2408 2980 ³0

306 3001 628 3088 agendum
682 3001 875 3066 ducta
932 3001 1102 3065 ratio
1158 3004 1275 3064 est.
1366 2999 1513 3066 Mea
1562 3001 1691 3066 fuit
1745 3014 2000 3087 semper
2052 3004 2213 3069 haec
2258 3005 2329 3069 in

303 3089 427 3154 hac
464 3111 533 3154 re
570 3091 875 3155 voluntas
913 3094 979 3153 et
1028 3089 1368 3173 sententia,
1418 3090 1710 3173 quemvis
1755 3094 1832 3154 ut
1884 3091 2006 3156 hoc
2060 3092 2329 3156 mallem

308 3177 384 3240 de
440 3178 554 3261 iis,
610 3177 720 3260 qui
767 3181 984 3240 essent
1028 3176 1267 3260 idonei,
1320 3178 1642 3263 suscipere
1689 3199 1883 3262 quam
1928 3200 2060 3264 me,
2104 3201 2210 3244 me
2253 3183 2331 3244 ut

307 3265 571 3329 mallem
619 3282 814 3347 quam
860 3264 1196 3330 neminem.

440 3351 789 3434 Reliquum
844 3356 945 3416 est
1005 3353 1137 3416 iam
1190 3355 1266 3416 ut
1319 3352 1485 3417 illud
1541 3370 1952 3438 quaeramus,
2012 3376 2157 3420 cum
2202 3355 2329 3420 hoc
2355 3375 2408 3418 35

311 3442 593 3519 constet,
640 3437 890 3504 Siculos
938 3462 977 3505 a
1022 3460 1125 3504 me
1169 3441 1439 3525 petisse,
1486 3442 1713 3524 ecquid
1757 3442 1925 3507 hanc
1971 3465 2110 3508 rem
2156 3443 2329 3529 apud

309 3544 426 3589 vos
475 3525 851 3608 animosque
895 3532 1146 3592 vestros
1182 3529 1399 3593 'valere
1438 3534 1755 3614 oporteat,
1787 3531 2019 3615 ecquid
2055 3532 2330 3597 auctori-

206 3406 270 3456 1¹1
