2566 4016
419 237 552 303 452
1047 236 1127 291 IN
1170 237 1227 292 0.
1255 235 1564 292 VERREM
1599 235 1758 291 ACT.
1797 236 1864 292 11.

418 385 494 448 ut
548 385 615 446 et
667 380 796 465 ipsi
849 380 1203 464 praedones
1261 381 1501 446 scirent
1555 384 1622 446 et
1675 384 1818 446 tota
1861 377 2190 465 provincia
2230 376 2382 442 testis

420 474 609 535 esset.
1177 523 1185 531 .

314 571 384 622 63
554 556 716 624 Cum
752 560 1022 642 propter
1054 556 1245 621 istius
1292 557 1462 623 hanc
1505 555 1850 622 avaritiam
1893 555 2153 621 nomine
2199 553 2384 620 classis

421 651 594 712 esset
645 646 716 710 in
760 643 1006 727 Sicilia,
1061 666 1130 709 re
1184 645 1445 729 quidem
1497 666 1652 710 vera
1704 665 1901 709 naves
1955 643 2209 727 inanes,
2258 661 2384 726 quae

420 735 729 820 praedam
781 733 1095 816 praetori,
1146 754 1282 798 non
1335 754 1499 818 quae
1550 732 1984 817 praedonibus
2030 735 2272 796 metum
2309 728 2420 793 αεὶ-5

420 823 692 906 ferrent,
745 825 993 903 tamen,
1043 843 1187 886 cum
1224 821 1296 885 P.
1323 819 1659 886 Caesetius
1706 824 1772 884 et
1816 819 1888 885 P.
1925 818 2164 884 Tadius
2210 818 2387 882 decem

420 911 700 976 navibus
751 909 884 973 suis
943 909 1314 994 semiplenis
1359 909 1774 994 navigarent,
1826 930 2059 973 navem
2106 905 2388 992 quandam

420 999 781 1082 piratarum
819 996 1060 1081 praeda
1095 997 1406 1067 refertam
1449 1018 1582 1062 non
1626 1000 1952 1080 ceperunt,
1996 995 2112 1061 sed
2157 994 2389 1060 abduxe-

420 1089 572 1150 runt
609 1107 801 1150 onere
849 1106 968 1149 suo
1010 1085 1204 1170 plane
1251 1087 1510 1169 captam
1558 1087 1754 1168 atque
1800 1083 2188 1168 depressam.
2259 1081 2387 1146 Erat

422 1196 498 1239 ea
531 1174 719 1239 navis
755 1174 950 1258 plena
985 1173 1340 1238 iuventutis
1375 1172 1905 1255 formosissimae,
1939 1172 2137 1257 plena
2174 1166 2388 1256 argenti
2406 1181 2433 1218 1⁰

419 1262 580 1328 facti
624 1266 819 1345 atque
865 1261 1135 1346 signati,
1188 1262 1396 1326 multa
1441 1282 1599 1326 cum*
1616 1261 1929 1346 *stragula
1973 1264 2173 1325 veste.
2248 1257 2387 1322 Haec

419 1373 551 1416 una
587 1350 774 1414 navis
821 1372 861 1414 a
906 1350 1112 1414 classe
1155 1353 1384 1414 nostra
1427 1369 1561 1414 non
1604 1354 1797 1433 capta
1843 1352 1960 1432 est,
2007 1349 2123 1415 sed
2167 1348 2386 1412 inventa

421 1439 503 1502 ad
546 1436 973 1522 Megaridem,
1031 1437 1140 1520 qui
1194 1437 1376 1502 locus
1427 1441 1528 1502 cst
1570 1458 1700 1502 non
1746 1437 1941 1522 longe
1990 1459 2030 1501 a
2077 1432 2385 1519 Syracusis,

420 1525 604 1600 Quod
666 1524 779 1587 ubi
841 1524 954 1586 isti
1016 1524 1390 1588 nuntiatum
1450 1528 1577 1608 est,
1639 1525 1904 1590 tametsi
1957 1524 2027 1590 in
2085 1529 2229 1590 acta
2276 1541 2384 1587 cum
2454 1522 2455 1533 ¹

419 1611 811 1677 mulierculis
857 1611 1114 1676 iacebat
1158 1610 1402 1695 ebrius,
1456 1613 1662 1677 erexit
1708 1634 1776 1677 se
1823 1616 2043 1681 tamen
2091 1617 2159 1677 et
2203 1609 2427 1677 statim¹⁵

420 1700 750 1784 quaestori
794 1700 1142 1785 legatoque
1188 1721 1305 1764 suo
1352 1701 1653 1767 custodes
1700 1701 1881 1765 misit
1925 1701 2296 1785 compluris,
2332 1697 2382 1758 ut

316 1801 383 1850 64
422 1789 639 1855 omnia
694 1787 821 1853 sibi
865 1789 1123 1874 integra
1169 1810 1366 1872 quam
1410 1789 1693 1873 primum
1738 1789 2212 1854 exhiberentur.
2284 1785 2381 1867 Ap·

418 1878 686 1963 pellitur
763 1876 949 1942 navis
1023 1875 1404 1961 Syracusas3
1486 1880 1896 1961 exspectatur
1968 1877 2053 1942 ab
2131 1874 2380 1942 omnibus

420 1966 825 2052 supplicium.
895 1964 1031 2031 Iste
1070 1965 1257 2050 quasi
1290 1964 1532 2051 praeda
1569 1965 1694 2030 sibi
1741 1964 2026 2050 advecta,
2066 1987 2206 2032 non
2246 1979 2381 2048 prae-

419 2056 693 2120 donibus
749 2054 984 2138 captis,
1040 2054 1097 2118 si
1152 2054 1262 2139 qui
1318 2075 1502 2118 senes
1557 2076 1631 2120 ac
1678 2053 1997 2119 deformes
2048 2058 2256 2135 erant,
2302 2056 2420 2113 eosfl

418 2143 487 2207 in
524 2142 814 2208 hostium
860 2163 1127 2207 numero
1175 2142 1377 2224 ducit3
1425 2142 1536 2225 qui
1581 2142 1825 2226 aliquid
1866 2142 2148 2226 formae„
2193 2136 2379 2206 aetatis

420 2231 803 2315 artificiique
831 2229 1179 2313 habebant,
1219 2229 1480 2294 abducit
1509 2230 1738 2313 omnis,
1774 2252 1906 2295 non
1931 2231 2153 2296 nullos
2180 2224 2379 2303 scribis,

416 2319 552 2384 filio
597 2318 975 2400 cohortique
1021 2317 1380 2400 distribuit,
1427 2317 1925 2401 symphoniacos
1970 2319 2262 2384 homines
2302 2330 2380 2376 sex

418 2407 721 2490 quoidam
776 2405 982 2469 amico
1038 2426 1155 2469 suo
1207 2406 1482 2470 Romam
1531 2406 1782 2470 muneri
1826 2406 2022 2471 misit.
2117 2406 2259 2471 Nox
2295 2400 2379 2465 illa

415 2497 559 2557 tota
612 2494 683 2555 in
737 2492 1167 2557 exinaniunda
1218 2514 1384 2558 nave
1440 2493 1856 2559 consumitur.
1937 2493 2421 2579 Archipiratamt

414 2582 630 2665 ipsum
680 2580 856 2644 videt
898 2601 1118 2664 nem0,
1172 2582 1249 2646 de
1297 2603 1422 2664 quo
1471 2582 1854 2665 supplicium
1902 2582 2072 2648 sumi
2119 2574 2378 2667 oportuit.

415 2668 626 2733 Hodie
664 2690 885 2733 omnes
924 2669 1016 2734 sic
1050 2668 1296 2734 habent
1334 2667 1516 2753 (quid
1562 2670 1698 2734 eius
1745 2670 1848 2753 sit,
1894 2692 2010 2735 vos
2057 2670 2379 2736 coniectura

418 2758 683 2842 adsequi
719 2754 1017 2841 debetis),
1061 2757 1261 2821 istum
1299 2757 1469 2823 clam
1506 2780 1545 2821 a
1589 2757 1820 2842 piratis
1869 2759 1953 2823 ob
1999 2758 2173 2823 hunc
2214 2749 2379 2821 archi-

311 2815 395 2941 6256
417 2846 698 2931 piratam
767 2846 1104 2940 pecuniam
1161 2845 1501 2929 accepisse.
1565 2882 1650 2891 ——
1716 2844 2103 2911 Coniectura
2156 2849 2265 2910 est.
2316 2870 2379 2885 -·

414 2934 614 2999 Iudex
642 2954 781 2998 esse
810 2933 1018 2997 bonus
1045 2954 1235 2997 nemo
1264 2936 1502 3017 potest,
1539 2934 1651 3017 qui
1679 2933 2041 3018 suspicione
2079 2938 2251 2999 certa
2281 2933 2422 2992 ιιῡιι80

414 3025 727 3087 movetur.
826 3020 1173 3086 Hominem
1240 3021 1476 3105 nostis,
1545 3021 2074 3088 consuetudinem
2137 3018 2378 3086 omnium
2454 3045 2455 3048 ¹

414 3110 678 3192 tenetis,
743 3110 855 3192 qui
918 3109 1142 3174 ducem
1200 3108 1598 3193 praedonum
1655 3114 1785 3174 aut,
1821 3110 2111 3176 hostium
2164 3101 2379 3192 ceperit,

415 3220 610 3281 quam
666 3198 945 3261 libenter
1001 3219 1146 3261 eum
1200 3197 1420 3280 palam
1477 3201 1627 3262 ante
1681 3199 1902 3263 oculos
1951 3198 2234 3263 omnium
2272 3207 2378 3257 esse

415 3285 723 3370 patiatur.
805 3284 1154 3350 Hominem
1196 3285 1268 3350 in
1313 3287 1499 3349 tanto
1547 3291 1865 3351 conventu
1912 3284 2240 3371 Syracusis
2279 3275 2379 3374 vififi

412 3374 762 3454 neminem,
817 3374 1057 3438 iudices
1066 3422 1085 3456 ,
1140 3372 1251 3457 qui
1305 3373 1768 3457 archipiratam
1822 3380 2086 3460 captum
2137 3392 2268 3437 sese
2311 3367 2421 3462 *¹5³⁵

416 3460 583 3521 disse
631 3460 894 3544 diceret,
951 3483 1097 3525 cum
1143 3482 1392 3545 omnes,
1445 3465 1519 3525 ut
1565 3484 1705 3527 mos
1754 3468 1878 3546 est,
1933 3467 2007 3528 ut
2053 3462 2216 3528 solet
2254 3457 2379 3530 fien,
2454 3459 2455 3466 ἵ

415 3551 891 3628 concurrerent,
957 3553 1365 3632 quaererent,
1423 3549 1637 3614 videre
1690 3555 2013 3635 cuperent.
2104 3545 2259 3623 Quid
2303 3560 2378 3606 ac·
2454 3557 2455 3612 1
