2566 4016
204 959 272 1009 4⁵1

208 1568 276 1620 48

215 2532 283 2581 49

303 194 389 260 96
690 189 833 245 PRO
871 189 933 256 Q.
961 187 1222 244 ROSCIO
1262 186 1609 243 COMOEDO
1648 187 1933 243 ORATIO.

304 337 542 403 iurium
589 357 782 419 quam
829 334 911 399 ad
955 332 1358 398 mendacium
1404 332 1668 417 perduci
1713 331 2066 398 consuevit.
2157 330 2316 408 Quis

307 425 478 500 enim
499 422 946 508 deprecatione
967 421 1249 503 deorum,
1274 442 1407 485 non
1427 420 1854 486 conscientiae
1880 420 2008 485 fide
2036 441 2316 486 commo·

306 513 535 578 vetur?
616 510 998 595 Propterea,
1057 530 1221 592 quae
1275 529 1485 591 poena
1539 508 1622 572 ab
1679 508 1776 572 dis
1831 508 2318 574 immortalibus

306 600 583 684 periuro,
617 598 778 662 haec
815 597 1038 662 eadem
1074 595 1367 661 mendaci
1405 596 1762 661 constituta
1798 599 1925 678 est;
1970 617 2101 660 non
2144 596 2318 660 enim

308 709 384 753 ex
438 686 738 771 pactione
787 686 1159 766 verborum,
1215 684 1449 767 quibus
1494 683 1595 748 ius
1640 683 1985 748 iurandum
2032 705 2316 768 compre·
2344 702 2373 743 5

307 775 629 858 henditur,
672 772 786 838 sed
822 794 900 836 ex
934 772 1206 857 perfidia
1242 775 1309 836 et
1345 771 1617 854 malitia,
1660 792 1778 856 per
1815 792 2009 855 quam
2045 771 2318 837 insidiae

307 863 660 927 tenduntur
723 796 977 945 alicui,p
1005 859 1071 923 di
1121 860 1528 924 immortales
1580 858 1951 924 hominibus
2003 858 2198 924 irasci
2252 862 2319 924 et

313 971 680 1014 suscensere
726 941 1132 1013 consuerunt.
1205 946 1298 1011 At
1343 965 1465 1031 ego
1511 947 1635 1012 hoc
1680 968 1757 1011 ex
1802 947 2127 1012 contrario
2173 963 2320 1012 con·

310 1037 531 1102 tendo.
568 1035 801 1102 Levior
838 1039 1009 1100 esset
1046 1035 1398 1100 auctoritas
1434 1032 1643 1116 Cluvi,
1679 1034 1736 1098 si
1773 1034 2013 1099 diceret
2045 1034 2318 1116 iuratus,

313 1147 507 1209 quam
530 1146 700 1189 nunc
728 1127 846 1206 est,
883 1145 1027 1188 cum
1057 1122 1212 1187 dicit
1237 1122 1576 1187 iniuratus.
1631 1121 1796 1186 Tum
1833 1122 2003 1186 enim
2036 1121 2319 1187 forsitan
2348 1142 2404 1182 10

310 1212 627 1298 improbis
673 1211 867 1276 nimis
914 1210 1181 1296 cupidus
1227 1209 1580 1293 videretur,
1631 1210 1768 1293 qui,
1814 1232 1942 1293 qua
1986 1209 2064 1274 de
2107 1231 2178 1274 re
2220 1209 2320 1274 iu-

313 1301 434 1365 dex
467 1300 719 1382 fuisset‚
763 1298 952 1363 testis
989 1302 1186 1381 esset3
1229 1320 1401 1362 nunc
1437 1297 1734 1363 omnibus
1774 1297 2021 1362 civibus
2057 1318 2321 1363 necesse

313 1391 415 1453 est
470 1350 871 1453 castissimus
922 1389 989 1450 et
1035 1385 1597 1451 constantissimus
1645 1407 1785 1450 esse
1830 1384 2154 1469 videatur,
2210 1384 2321 1469 qui

312 1474 407 1559 id,
454 1475 627 1558 quod
671 1474 819 1557 scit,
862 1473 1298 1538 familiaribus
1346 1473 1479 1537 suis
1528 1473 1703 1537 dicit.

445 1560 568 1626 Dic
609 1583 805 1645 nunc,
861 1561 916 1625 si
960 1565 1174 1646 poteS,
1229 1561 1286 1624 si
1330 1581 1434 1624 res
1443 1610 1462 1644 ,
1508 1561 1565 1624 3ι
1609 1582 1803 1626 causa
1846 1561 2124 1646 patitur,
2170 1558 2322 1626 Clu·
2356 1579 2407 1621 15

313 1650 491 1715 vium
519 1671 659 1714 esse
696 1649 1068 1714 mentitum!
1126 1647 1439 1712 Mentitus
1478 1652 1578 1713 est
1615 1646 1925 1713 Cluvius?
1969 1647 2125 1733 Ipsa
2161 1649 2325 1713 mihi

316 1739 555 1804 veritas
611 1759 877 1802 manum
928 1736 1112 1800 inicit
1156 1739 1222 1800 et
1264 1736 1598 1821 paulisper
1642 1736 1997 1801 consistere
2044 1740 2110 1800 et
2155 1758 2323 1801 com·

316 1826 559 1891 morari
609 1825 804 1910 cogit.
893 1823 1079 1889 Unde
1124 1824 1248 1889 hoc
1293 1827 1506 1888 totum
1552 1825 1814 1888 ductum
1861 1827 1928 1887 et
1973 1824 2325 1890 conflatum

316 1913 718 1979 mendacium
773 1911 916 1976 est?
987 1911 1258 1977 Roscius
1317 1915 1416 1976 est
1460 1911 1762 1976 videlicet
1804 1911 2002 1976 homo
2049 1912 2323 1976 callidus

317 2005 383 2067 et
445 2004 765 2068 versutus.
861 1998 1005 2067 Hoc
1065 2000 1253 2065 initio
1319 1999 1607 2086 cogitare
1670 1995 1907 2086 coepit.
1973 1998 2326 2075 ‘Quoniam
2354 2019 2412 2060 πο

316 2089 600 2156 Fannius
666 2113 706 2154 a
767 2111 870 2153 me
933 2088 1100 2173 petit
1161 2086 1272 2152 HS
1338 2105 1516 2171 1000,
1576 2092 1798 2173 petam
1857 2110 1914 2152 a.
1959 2087 2029 2153 G.
2075 2086 2327 2172 Cluvio,

319 2179 536 2262 equite
588 2177 910 2257 Romano,
975 2175 1393 2240 ornatissimo
1453 2175 1742 2258 homme,
1801 2179 1877 2239 ut
1931 2197 2078 2241 mea
2128 2196 2328 2241 causa

319 2266 698 2343 mentiatur,
753 2263 925 2337 dicat
979 2262 1365 2326 decisionem
1417 2262 1659 2327 factam
1714 2284 1880 2345 esse,
1936 2285 2100 2347 quae
2149 2263 2329 2329 facta

317 2373 453 2415 non
488 2354 606 2434 est,
649 2347 759 2413 HS
799 2366 1077 2417 0001000
1125 2373 1165 2414 a
1198 2349 1426 2415 Flavio
1473 2351 1627 2414 data
1672 2372 1811 2415 esse
1846 2349 2115 2436 Fannio,
2161 2374 2328 2435 quae

323 2438 476 2503 data
536 2459 669 2502 non
732 2436 923 2501 sunt?
1022 2436 1146 2501 Est
1207 2437 1332 2502 hoc
1394 2438 1712 2523 principio
1770 2439 2053 2524 improbi
2106 2439 2412 2524 animi‚2⁵

322 2526 541 2590 miseri
594 2525 865 2611 ingenii,
918 2525 1085 2591 nulli
1138 2526 1409 2590 consilii.
1498 2525 1666 2601 Quid
1720 2526 1991 2591 deinde‘?
2062 2526 2330 2593 Postea-

322 2636 516 2697 quam
590 2635 658 2678 se
720 2613 1051 2698 praeclare
1115 2614 1549 2696 confirmavit,
1619 2614 1798 2679 venit
1862 2614 1944 2679 ad
2007 2613 2329 2681 Cluvium.

322 2704 527 2778 Quem
583 2701 956 2767 hominem?
1010 2701 1263 2766 levem?
1339 2700 1549 2766 Immo
1605 2701 2081 2786 gravissimum.
2188 2702 2331 2768 Mo-

320 2789 564 2855 bilem‘?
635 2789 845 2854 Immo
893 2789 1508 2854 constantissimum.
1587 2788 2046 2854 Familiarem‘?
2115 2790 2328 2856 Immo

322 2877 807 2943 alienissimum.
868 2877 1057 2943 Hunc
1087 2881 1514 2961 posteaquam
1556 2877 1883 2960 salutavit,
1919 2899 2152 2963 rogare
2189 2900 2330 2945 coe·
2358 2897 2414 2940 so

319 2966 440 3067 pit·
471 2964 708 3030 blande
762 2968 829 3029 et
883 2965 1188 3030 concinne
1243 2965 1512 3029 scilicet:
1570 2962 1875 3029 ‘Mentire
1926 2987 2071 3030 mea
2115 2988 2332 3052 causa,

320 3053 477 3119 viris
520 3053 812 3136 optimis,
856 3053 987 3116 tuis
1032 3052 1492 3137 familiaribus,
1536 3053 1984 3137 praesentibus
2031 3053 2132 3118 dic
2180 3018 2332 3120 Fla·

323 3141 500 3206 vium
565 3162 709 3205 cum
771 3138 1019 3204 Fannio
1085 3139 1161 3203 de
1218 3138 1522 3225 Panurgo
1588 3140 1924 3223 decidisse,
1988 3141 2098 3224 qui
2160 3142 2331 3206 nihil

323 3229 674 3313 transegit3-
717 3228 818 3292 dic
856 3225 968 3292 HS
1017 3243 1300 3295 0001000
1349 3228 1617 3312 dedisse,
1662 3228 1774 3311 qui
1819 3249 2031 3292 assem
2074 3229 2332 3294 nullum

326 3314 540 3381 dedit?
624 3315 791 3391 Quid
840 3314 953 3380 ille
999 3315 1377 3398 respondit?
1451 3314 1625 3400 ‘Ego
1672 3337 1825 3382 vero
1872 3316 2098 3400 cupide
2145 3321 2210 3381 et
2255 3317 2332 3381 li·
2358 3333 2420 3375 ss

324 3401 555 3464 benter
593 3402 872 3467 mentiar
917 3406 1033 3467 tua
1078 3424 1289 3485 causa,
1335 3406 1419 3485 et,
1466 3403 1522 3467 si
1568 3402 1823 3486 quando
1869 3425 1972 3468 me
2018 3404 2117 3468 vis
2164 3406 2334 3489 peie-

328 3507 502 3569 rare,
549 3492 623 3551 ut
667 3491 1003 3572 paululum
1047 3494 1121 3554 tu
1166 3490 1527 3575 compendii
1569 3490 1799 3576 faciaS,
1842 3496 2145 3576 paratum
2189 3492 2334 3558 fore
