2566 4016
173 603 241 653 21

177 1612 245 1737 εξ

283 184 368 249 88
672 181 815 236 PRO
853 181 914 247 Q.
942 180 1203 235 ROSCIO
1242 179 1591 235 COMOEDO
1631 179 1912 236 ORATIO.

282 332 384 394 est
420 348 740 412 expressa.
806 324 929 401 Qui
967 346 1162 408 quam
1200 325 1283 388 ob
1326 345 1464 388 rem
1510 321 1818 388 Roscium
1866 324 2149 390 similem
2197 326 2297 391 sui

280 417 352 481 in
387 414 615 479 fraude
661 416 729 478 et
773 412 1028 478 malitia
1074 411 1490 494 existimarit,
1534 412 1768 475 mirum
1813 411 1976 476 mihi
2021 413 2295 498 videtur,

280 503 408 567 nisi
461 501 633 566 forte
686 500 858 585 quod
900 500 1232 584 praeclare
1278 500 1451 564 hunc
1494 498 1741 563 imitari
1787 520 1857 563 se
1900 500 1972 565 in
2015 523 2298 585 persona

283 590 533 655 lenonis
562 588 1041 653 animadvertit.
1105 587 1316 664 Quam
1344 586 1428 652 ob
1455 607 1593 650 rem
1626 586 1825 651 etiam
1862 591 2059 671 atque
2095 590 2297 654 etiam

282 678 635 761 considera,
680 674 751 741 C.
785 675 958 760 Piso,
1005 675 1148 759 quis
1195 696 1389 759 quem
1430 674 1768 740 fraudasse
1815 675 2082 741 dicatur.
2171 677 2297 741 Ro·
2326 696 2357 736 5

283 766 453 831 scius
515 763 863 829 Fannium!
964 762 1132 839 Quid
1196 766 1297 827 est
1358 762 1527 828 hoc‘?
1599 762 1843 846 probus
1907 763 2297 848 improbum,

281 853 528 938 pudens
590 850 1054 936 impudentem,
1122 850 1456 935 periurum
1512 853 1757 934 castus,
1821 850 2125 917 callidum
2180 853 2297 916 im-

282 940 533 1025 peritus
542 989 560 1023 ,
615 938 907 1003 liberalis
956 935 1258 1003 avidum?
1331 937 1716 1002 Incredibile
1763 941 1879 1002 est.
1963 937 2168 1015 Quem
2215 940 2298 1004 ad

283 1028 565 1110 modum,
593 1027 651 1091 si
676 1025 961 1090 Fannius
988 1025 1296 1090 Roscium
1321 1025 1659 1090 fraudasse
1687 1025 2023 1109 diceretur,
2051 1031 2296 1091 utrum-

285 1111 408 1199 que
473 1137 549 1179 ex
611 1114 947 1197 utriusque
1009 1134 1290 1197 persona
1350 1113 1488 1177 veri
1547 1112 1759 1177 simile
1812 1114 2163 1199 videretur,
2227 1117 2295 1178 et
2328 1133 2388 1173 ιο

281 1201 604 1267 Fannium
637 1223 754 1286 per
790 1201 1112 1265 malitiam
1148 1199 1398 1284 fecisse,
1444 1203 1511 1264 et
1545 1199 1852 1266 Roscium
1897 1223 2015 1286 per
2057 1202 2299 1286 impru-

285 1290 572 1355 dentiam
636 1291 976 1374 deceptum
1038 1309 1206 1372 esse,
1271 1289 1391 1371 sic,
1455 1310 1601 1353 cum
1656 1288 1929 1354 Roscius
1979 1288 2302 1355 Fannium

281 1378 619 1444 fraudasse
675 1380 1013 1460 arguatur,
1066 1379 1412 1459 utrumque
1461 1375 1836 1442 incredibile
1883 1380 2009 1459 est,
2063 1381 2131 1441 et
2173 1376 2302 1441 Ro—

286 1465 491 1529 scium
537 1464 880 1547 quicquam
924 1484 1041 1547 per
1087 1463 1432 1528 avaritiam
1479 1463 1823 1548 appetisse,
1869 1467 1935 1529 et
1977 1463 2298 1529 Fannium

284 1552 629 1637 quicquam
673 1572 790 1635 per
832 1550 1196 1616 bonitatem
1242 1550 1557 1615 amisisse.
2332 1570 2389 1612 ιε

417 1638 748 1722 Principia
783 1642 936 1703 sunt
971 1638 1172 1703 huius·
1200 1637 1405 1721 modi3
1445 1642 1808 1723 spectemus
1845 1640 2114 1724 reliqua.
2186 1639 2301 1705 Hs

175 1797 176 1800 ,
283 1744 440 1793 1000
488 1725 562 1803 Q.
600 1725 873 1791 Roscius
926 1725 1255 1791 fraudavit
1298 1725 1637 1791 Fannium.
1657 1772 1688 1809 0
1728 1726 1871 1803 Qua
1926 1728 2003 1792 de
2060 1728 2300 1796 causa?

178 2527 247 2576 23

284 1811 587 1879 Subridet
617 1812 933 1898 Saturius,
959 1818 1311 1898 veterator,
1337 1817 1413 1878 ut
1442 1814 1568 1879 sibi
1592 1815 1876 1899 videtur3
1913 1817 2007 1881 ait
2033 1819 2302 1901 propter

282 1903 427 1988 ipsa
471 1898 584 1966 HS
629 1920 805 1969 1000.
884 1900 1120 1986 Video;
1173 1902 1288 1967 sed
1336 1906 1586 1986 tamen,
1641 1924 1754 1967 cur
1797 1903 1943 1988 ipsa
1986 1901 2098 1967 HS
2144 1921 2300 1971 1000

282 1994 423 2056 tam
484 1991 899 2056 vehementer
961 1990 1383 2076 concupierit,
1453 2012 1721 2075 quaero;
1783 2013 1937 2057 nam
1999 1991 2148 2076 tibi,
2211 1991 2298 2057 M.
2329 2010 2390 2051 so

282 2079 638 2163 Perpenna,
682 2076 751 2144 O.
778 2078 950 2162 Piso,
996 2082 1170 2143 certe
1206 2079 1378 2144 tanti
1417 2099 1549 2143 non
1591 2078 1887 2163 fuissent,
1930 2083 2006 2144 ut
2051 2079 2300 2144 socium

283 2166 691 2231 fraudaretis.
763 2165 998 2230 Roscio
1038 2187 1149 2230 cur
1189 2166 1362 2230 tanti
1405 2166 1667 2248 fuerint,
1713 2189 1977 2232 causam
2021 2167 2302 2251 requiro.

284 2253 587 2338 Egebat?
668 2250 878 2317 Immo
945 2253 1232 2336 locuples
1296 2256 1453 2318 erat.
1542 2252 1887 2320 Debebat‘?
1967 2253 2177 2320 Immo
2230 2256 2304 2321 in

286 2341 421 2404 suis
469 2340 753 2403 nummis
798 2340 1199 2404 versabatur.
1279 2340 1538 2406 Avarus
1584 2342 1770 2406 erat?
1842 2341 2052 2407 Immo
2100 2342 2302 2408 etiam

287 2430 439 2491 ante
494 2447 688 2509 quam
742 2427 1032 2512 locuples
1087 2449 1342 2512 semper
1386 2428 1883 2494 liberalissimus
1929 2430 2301 2495 munificen-
2328 2447 2385 2490 ιε

284 2513 702 2597 tissimusque
756 2514 899 2579 fuit.
986 2514 1115 2579 Pro
1163 2515 1354 2580 deum
1396 2514 1860 2601 hominumque
1903 2518 2126 2582 fidem!
2189 2518 2305 2602 qui

283 2599 395 2667 HS
454 2618 738 2669 0001000
798 2618 1085 2670 0001000
1141 2619 1428 2670 0001000
1478 2608 1784 2687 quaestus
1829 2604 2042 2670 facere
2085 2606 2303 2670 noluit

287 2688 470 2777 (nam
525 2693 698 2755 certe
743 2688 856 2754 HS
913 2706 1198 2756 0001000
1257 2707 1538 2757 0001000
1594 2707 1878 2758 0001000
1935 2715 2181 2757 merere
2235 2699 2304 2758 et

284 2778 502 2863 potuit
531 2781 596 2841 et
623 2777 865 2863 debuit,
893 2778 950 2841 si
975 2781 1195 2863 potest
1216 2777 1534 2861 Dionysia
1554 2776 1667 2842 HS
1696 2795 1985 2847 0001000
2010 2797 2302 2847 0001000

286 2861 581 2951 merere),
626 2865 684 2929 is
720 2887 837 2951 per
875 2887 1194 2930 summam
1232 2863 1527 2930 fraudem
1565 2869 1630 2929 et
1675 2868 1998 2932 malitiam
2044 2873 2111 2932 et
2153 2890 2303 2953 per-
2329 2884 2387 2927 so

284 2954 508 3018 fidiam
560 2949 673 3017 HS
736 2970 894 3021 1000
961 2953 1279 3038 appetiit?
1368 2952 1459 3017 Et
1511 2953 1630 3018 illa
1681 2953 1809 3019 fuit
1860 2956 2133 3040 pecunia
2185 2956 2304 3020 im-

286 3042 524 3124 manis,
576 3040 737 3107 haec
782 3041 1082 3125 parvula,
1136 3041 1257 3105 illa
1299 3040 1603 3125 honesta,
1646 3041 1809 3108 haec
1854 3043 2139 3122 sordida,
2183 3044 2306 3108 illa

284 3128 591 3211 iucunda,
644 3128 805 3193 haec
861 3129 1119 3212 acerba,
1173 3128 1292 3193 illa
1335 3129 1626 3214 propria,
1679 3130 1838 3196 haec
1882 3131 1952 3195 iil
1996 3153 2191 3196 causa
2237 3135 2307 3195 et

282 3215 353 3280 in
403 3215 638 3280 iudicio
694 3216 1030 3281 collocata.
1121 3215 1363 3280 Decem
1416 3217 1520 3279 his
1577 3218 1763 3282 annis
1823 3218 2136 3302 proximis
2189 3216 2304 3283 HS

286 3303 623 3387 sexagiens
658 3304 1117 3369 honestissime
1153 3304 1462 3387 consequi
1497 3306 1743 3389 potuit;
1785 3307 2017 3371 noluit.
2090 3306 2301 3371 Labo-
2332 3323 2387 3365 ss

284 3410 425 3452 rem
453 3394 761 3470 quaestus
798 3392 1060 3476 recepit,
1098 3395 1442 3474 quaestum
1478 3391 1725 3456 laboris
1764 3394 2018 3477 reiecit3
2054 3395 2306 3478 pop‘ulo

283 3474 581 3539 Romano
630 3476 839 3542 adhuc
892 3479 1133 3544 servire
1186 3500 1321 3543 non
1366 3479 1645 3564 destitit,
1702 3480 1830 3545 sibi
1876 3481 2120 3547 servire
2165 3481 2309 3546 iam
