2566 4016
321 190 452 254 228
922 189 1000 243 IN
1040 187 1097 244 C.
1126 187 1436 244 VERREM
1472 186 1627 242 ACT.
1667 189 1734 242 11.

321 334 534 398 curiae
584 333 983 397 constituere
1028 331 1271 415 velitis,
1325 331 1623 396 habeatis
1671 352 1826 395 sane
1870 329 2071 394 istum
2117 329 2332 393 vobis-

322 443 469 486 cum
533 425 926 504 senatorem,
990 421 1187 485 etiam
1251 419 1329 483 de
1393 419 1578 484 vobis
1633 418 1933 500 iudicem,
1998 417 2056 480 si
2114 418 2333 500 vultis,

322 509 649 591 habeatis3
700 509 778 573 de
825 531 893 574 se
938 508 1260 591 homines,
1307 506 1365 570 si
1411 507 1522 590 qui
1568 510 1752 585 extra
1794 506 1995 569 istum
2043 504 2333 569 ordinem

323 599 494 679 sunt,
540 597 771 679 quibus
809 618 890 660 ne
927 595 1237 661 reiciundi
1275 593 1533 678 quidem
1572 593 1852 678 amplius
1891 614 2085 677 quam
2132 592 2331 656 trium
2408 677 2414 680 ‚

321 684 602 748 iudicum
639 685 1010 769 praeclarae
1047 685 1225 768 leges
1260 681 1600 748 Corneliae
1635 681 1884 746 faciunt
1919 683 2333 764 potestatem,
2358 701 2386 740 5

322 771 493 836 hunc
546 771 875 836 hominem
929 775 1068 836 tam
1122 770 1473 853 crudelem,
1530 773 1670 834 tam
1726 769 2139 852 sceleratum,
2194 772 2332 833 tam
2433 790 2444 795 ’

217 831 302 957 ἐξ
322 859 642 923 nefarium
697 859 929 923 nolunt
982 859 1281 924 iudicare.
1371 856 1637 922 Etenim
1692 857 1749 920 si
1802 856 1962 920 illud
2008 859 2109 920 est
2153 855 2333 942 fiagi-

323 947 583 1029 tiosum,
631 947 802 1030 quod
838 946 999 1010 mihi
1047 946 1355 1010 omnium
1379 967 1595 1010 rerum
1641 944 2090 1027 turpissimum
2136 945 2335 1008 maxi-

322 1055 550 1117 meque
586 1033 907 1098 nefarium
943 1034 1216 1116 videtur,
1253 1033 1337 1097 ob
1375 1054 1512 1097 rem
1548 1031 1955 1097 iudicandam
1992 1032 2332 1116 pecuniam

323 1122 628 1206 accipere,
673 1122 884 1206 pretio
927 1121 1167 1186 habere
1213 1120 1537 1185 addictam
1580 1120 1772 1184 fidem
1820 1123 1903 1201 et⁴
1931 1119 2333 1204 religionem,
2362 1139 2417 1179 ιο

323 1213 565 1294 quanto
629 1210 794 1274 illud
846 1209 1266 1296 flagitiosius,
1326 1207 1691 1293 inprobius‚
1751 1207 2106 1292 indignius,
2169 1229 2334 1290 911111,

322 1320 362 1363 3
417 1319 543 1382 quo
598 1297 936 1382 pecuniam
992 1298 1075 1361 ob
1128 1296 1592 1361 absolvendum
1639 1296 1986 1380 acceperis,
2041 1295 2333 1360 condem·

319 1406 504 1466 nare,
556 1389 631 1448 ut
683 1407 763 1449 ne
818 1385 1216 1469 praedonum
1272 1384 1530 1468 quidem
1583 1387 1847 1468 praetor
1899 1383 1969 1447 in
2012 1383 2139 1448 fide
2183 1385 2335 1448 reti-

319 1471 530 1536 nenda
593 1473 1117 1537 consuetudinem
1180 1472 1544 1536 conservet!
1634 1468 1855 1536 Scelus
1922 1474 2023 1535 est
2079 1471 2162 1536 ab
2220 1493 2333 1537 reo

322 1559 636 1642 accipere3
690 1565 931 1644 quanto
988 1560 1199 1645 magis
1256 1560 1338 1623 ab
1387 1563 1785 1641 accusatore,
1842 1562 2084 1642 quanto
2133 1559 2332 1624 etiam
2364 1578 2419 1619 15

322 1647 697 1711 sceleratius
753 1648 835 1712 ab
890 1649 1190 1731 utroque!
1276 1646 1501 1710 Fidem
1547 1669 1692 1712 cum
1738 1647 2186 1730 proposuisses
2231 1670 2334 1712 ve·

319 1735 536 1798 nalem
589 1735 659 1799 in
711 1735 1068 1820 provincia,
1114 1735 1321 1799 valuit
1377 1735 1544 1819 apud
1598 1739 1665 1798 te
1718 1734 1867 1818 plus
1923 1735 2008 1816 is,
2064 1735 2175 1817 qui
2225 1757 2332 1819 pe·

322 1823 576 1887 cuniam
614 1823 926 1887 maiorem
968 1822 1160 1887 dedit.
1243 1821 1565 1905 Conced03
1608 1822 1889 1886 forsitan
1934 1821 2172 1906 aliquis
2220 1823 2333 1886 ali·

323 1911 577 1994 quando
617 1911 753 1974 eius
801 1910 977 1975 modi
1024 1911 1359 1995 quippiam
1405 1909 1644 1975 fecerit.
1727 1907 1891 1973 Cum
1937 1930 2091 1974 vero
2138 1909 2333 1974 fidem

323 2022 396 2064 ac
449 1998 832 2085 religionem
885 2003 1068 2065 tuam
1121 1999 1253 2078 iam,
1310 1999 1501 2064 alteri
1546 1997 1870 2063 addictam
1916 2001 2181 2081 accepta
2224 2021 2332 2082 pe·
2363 2019 2420 2059 20

322 2088 510 2151 cunia
562 2087 895 2171 habueriS,
957 2091 1188 2172 postea
1242 2087 1508 2151 eandem
1563 2086 1931 2151 adversario
1985 2086 2333 2150 tradideris

321 2175 565 2239 maiore
601 2175 890 2258 pecunia,
935 2179 1278 2258 utrumque
1314 2174 1504 2238 falles
1554 2177 1647 2255 [et
1691 2173 1928 2256 tradeS,
1976 2173 2078 2238 cui
2123 2174 2332 2254 voles]

323 2265 387 2325 et
444 2262 532 2345 ei,
585 2284 777 2344 quem
829 2261 1167 2345 fefelleris,
1220 2284 1302 2326 ne
1356 2262 1693 2346 pecuniam
1750 2262 2008 2346 quidem
2057 2261 2333 2326 reddes‘?

216 2354 282 2402 79
323 2347 525 2423 Quem
583 2348 743 2412 mihi
795 2352 870 2412 tu
923 2348 1234 2434 Bulbum,
1289 2371 1480 2433 quem
1535 2346 1913 2414 Staienum?
1979 2349 2150 2433 quod
2195 2371 2334 2413 um-

322 2457 517 2519 quam
579 2434 844 2501 huiusce
908 2437 1084 2501 modi
1146 2440 1509 2502 monstrum
1563 2441 1678 2502 aut
1729 2436 2099 2522 prodigium
2158 2437 2335 2500 audi-
2365 2456 2421 2496 25

321 2523 531 2587 vimus
576 2527 689 2587 aut
733 2523 1040 2608 vidimus,
1087 2525 1198 2609 qui
1243 2548 1388 2590 cum
1434 2546 1544 2590 reo
1589 2525 1941 2610 transigat,
1985 2527 2139 2609 post
2184 2546 2335 2589 cum

321 2615 693 2677 accusatore
768 2612 1046 2695 decidat,
1116 2612 1425 2678 honestos
1494 2613 1789 2677 homines
1798 2662 1817 2695 ,
1892 2612 2001 2696 qui
2065 2633 2335 2677 causam

316 2700 557 2783 norint,
595 2699 856 2785 ableget
896 2722 935 2763 a
971 2700 1365 2784 consilioque
1404 2700 1710 2782 dimittat,
1752 2700 1892 2784 ipse
1930 2699 2107 2764 solus
2146 2713 2335 2765 reum

319 2789 719 2871 absolutum,
766 2810 805 2851 a
850 2809 977 2872 quo
1023 2788 1361 2871 pecuniam
1408 2788 1752 2872 acceperit,
1798 2787 2178 2852 condemnet
2225 2810 2338 2872 pe·

319 2877 702 2960 cuniamque
757 2896 889 2940 non
943 2876 1212 2941 reddat?
1301 2874 1492 2941 Hunc
1546 2875 1875 2940 hominem
1929 2875 1999 2939 in
2046 2875 2338 2941 iudicum
2368 2894 2423 2935 zo

316 2985 585 3029 numero
623 2963 1051 3029 habebimus?
1096 2963 1202 3028 hic
1239 2964 1515 3028 alteram
1561 2963 1885 3028 decuriam
1933 2963 2342 3030 senatoriam

244 3101 247 3106 .
316 3053 506 3118 iudex
563 3051 930 3116 obtinebit?
983 3050 1089 3115 hic
1135 3051 1213 3115 de
1258 3051 1470 3135 capite
1514 3051 1720 3116 libero
1767 3050 2125 3115 iudicabit?
2179 3050 2342 3117 huic

318 3140 638 3205 iudicialis
692 3139 941 3204 tabella
994 3138 1480 3203 committetur?
1546 3161 1740 3223 quam
1789 3138 1916 3203 iste
1957 3159 2092 3203 non
2138 3139 2342 3205 modo

318 3249 491 3309 cera,
545 3226 1023 3305 verumetiam
1079 3226 1418 3311 sanguine,
1474 3226 1529 3290 si
1583 3226 1795 3290 visum
1851 3225 2000 3309 erit,
2053 3226 2343 3291 notabit.

451 3314 618 3389 Quid
681 3314 853 3378 enim
906 3314 1140 3378 horum
1196 3335 1265 3378 se
1318 3317 1518 3399 negat
1570 3313 1844 3378 fecisse?
1931 3311 2105 3378 Illud
2162 3315 2345 3380 vide·
2376 3331 2425 3373 ³⁵

318 3400 472 3463 licet
535 3423 760 3484 unum,
835 3401 1005 3485 quod
1065 3423 1327 3466 necesse
1392 3405 1517 3485 est,
1588 3402 1925 3486 pecuniam
1990 3403 2345 3487 accepisse.

320 3483 555 3559 Quidni
591 3488 716 3550 iste
752 3489 992 3573 neget?
1064 3488 1157 3553 At
1194 3511 1387 3573 eques
1424 3488 1776 3573 Romanus,
1823 3489 1933 3574 qui
1978 3485 2350 3575 Sopatrum

211 3284 297 3408 33>
