2566 4016
886 236 1041 293 CAP.
1083 244 1290 293 15—18
1328 245 1359 304 ξς
1396 246 1624 296 44—51.
2171 244 2253 306 47

236 380 427 446 disse.
507 380 607 445 Ac
655 402 787 445 non
832 381 1023 445 modo
1069 381 1195 447 hoc
1237 386 1500 466 patrum
1545 385 1883 449 voluntate
1929 386 2120 450 liberi
2163 386 2252 451 fa·
2280 386 2361 450 17

238 470 445 551 ciunt,
503 468 616 532 sed
671 469 1054 552 permultos·
1088 473 1154 534 et
1208 490 1331 554 ego
1384 471 1539 536 novi
1594 475 1685 556 et,
1739 472 1867 536 nisi
1921 495 2023 537 me
2076 473 2255 538 fallit

238 558 518 639 animus,
581 578 746 621 unus
813 556 1084 640 quisque
1148 562 1466 636 vestrum,
1532 559 1643 643 qui
1707 563 1773 624 et
1828 560 1956 644 ipsi
2009 561 2254 626 incensi

235 648 389 711 sunt
431 644 666 728 studio,
714 645 885 727 quod
931 644 1013 709 ad
1058 665 1290 730 agrum
1337 647 1677 712 colendum
1725 648 1978 731 attinet,
2023 649 2253 714 vitam-

179 753 206 794 5
234 755 360 818 que
404 733 574 797 hanc
617 732 956 814 rusticam,
1003 741 1197 816 quam
1243 739 1318 798 tu
1361 735 1603 818 probro
1650 739 1717 800 et
1763 736 2016 801 crimini
2058 740 2253 821 putas

235 844 380 886 esse
419 824 741 904 oportere,
798 824 864 884 et
906 819 1439 887 honestissimam
1485 827 1552 887 et
1607 824 2057 890 suavissimam
2113 845 2252 889 esse

233 908 657 974 arbitrantur.
712 908 880 983 Quid
915 930 1137 973 censes
1174 910 1345 975 hunc
1372 911 1587 995 ipsum
1620 911 1761 976 Sex.
1788 912 2096 978 Roscium
2125 935 2251 996 quo

233 997 451 1062 studio
515 1000 582 1060 et
647 1018 774 1080 qua
834 996 1288 1082 intellegentia
1350 1019 1491 1063 esse
1556 1000 1625 1063 in
1687 1001 1947 1065 rusticis
2011 1002 2251 1066 rebus?

231 1084 328 1149 Ut
383 1106 461 1150 ex
515 1084 620 1147 his
674 1084 1056 1168 propinquis
1113 1086 1275 1167 01110,
1330 1085 1704 1151 hominibus
1756 1087 2252 1171 honestissimiS,

157 1194 205 1232 ιο
234 1173 455 1255 audio,
516 1193 649 1236 non
710 1176 786 1236 tu
849 1172 919 1236 in
981 1172 1112 1237 isto
1168 1173 1443 1238 artificio
1501 1175 1900 1240 accusatorio
1956 1176 2252 1240 callidior

234 1284 304 1326 es
372 1282 567 1344 quam
628 1259 735 1323 hic
796 1260 867 1325 in
928 1281 1064 1325 suo.
1152 1259 1428 1343 Verum,
1488 1265 1562 1324 ut
1626 1262 1881 1345 opinor,
1947 1263 2251 1346 quoniam

232 1350 333 1413 ita
396 1348 818 1432 Chrysogono
882 1347 1166 1430 videtur,
1231 1348 1344 1432 qui
1404 1347 1554 1413 huic
1607 1350 1862 1413 nullum
1914 1350 2252 1435 praedium

232 1436 519 1520 reliquit,
565 1439 631 1499 et
669 1435 1016 1499 artificium
1059 1436 1481 1502 obliviscatur
1528 1441 1593 1501 et
1638 1437 1923 1501 studium
1971 1437 2252 1522 deponat

232 1524 476 1590 licebit.
585 1522 771 1599 Quod
847 1524 1113 1587 tametsi
1188 1525 1497 1589 miserum
1575 1530 1642 1590 et
1716 1526 2056 1612 indignum
2134 1531 2253 1610 est,

153 1631 205 1673 15
231 1614 402 1677 feret
455 1614 674 1676 tamen
730 1632 935 1695 aequo
991 1612 1235 1695 animo,
1289 1613 1558 1696 iudiceS,
1614 1614 1671 1677 si
1722 1635 1839 1698 per
1884 1637 1999 1679 vos
2044 1616 2252 1680 vitam

235 1705 303 1766 et
354 1699 602 1764 famam
654 1702 874 1783 potest
931 1699 1251 1783 optinere3
1306 1701 1429 1765 1100
1484 1722 1638 1766 vero
1695 1706 1822 1784 est,
1879 1702 2051 1785 quod
2094 1703 2253 1767 ferri

234 1810 369 1854 non
423 1791 666 1870 potest,
723 1786 779 1850 si
833 1791 897 1851 et
945 1787 1015 1850 in
1061 1786 1227 1852 hanc
1272 1789 1714 1852 calamitatem
1759 1790 1938 1853 venit
1982 1793 2253 1873 propter

235 1874 651 1960 praediorum
711 1874 1074 1938 bonitatem
1131 1878 1196 1939 et
1254 1876 1738 1939 multitudinem
1792 1879 1885 1958 et,
1949 1876 2121 1957 quod
2177 1897 2253 1940 ea

239 1962 527 2029 studiose
581 1962 804 2046 coluit,
856 1962 925 2026 id
980 1962 1105 2027 erit
1159 1962 1219 2027 ei
1273 1963 1553 2027 maxime
1607 1962 1847 2047 fraudi,
1901 1965 1976 2026 ut
2020 1985 2252 2047 parum

153 2073 210 2114 20
237 2051 536 2117 miseriae
593 2052 703 2133 sit,
761 2050 932 2134 quod
988 2050 1135 2114 aliis
1193 2050 1422 2133 coluit,
1476 2070 1609 2114 non
1655 2050 1807 2132 sibi,
1860 2049 1990 2113 nisi
2035 2051 2252 2136 etiam,

237 2141 410 2226 quod
456 2139 717 2204 omnino
766 2138 995 2222 coluit,
1043 2137 1298 2202 crimini
1340 2137 1556 2202 fuerit.

367 2227 471 2292 Ne
535 2231 636 2310 tu,
697 2225 920 2309 Eruci,
985 2230 1322 2291 accusator
1386 2248 1558 2291 esses
1614 2225 1950 2310 ridiculus,
2005 2226 2063 2292 si
2116 2228 2251 2291 illis
2275 2206 2357 2270 18

231 2315 639 2401 temporibus
675 2319 868 2379 natus
910 2335 1104 2398 esses,
1149 2336 1295 2379 cum
1343 2314 1426 2378 ab
1473 2318 1692 2379 aratro
1741 2316 2251 2402 arcessebantur,

234 2405 349 2488 qui
402 2403 698 2469 consules
751 2403 997 2466 fierent.
1085 2402 1349 2481 Etenim
1415 2403 1525 2487 qui
1579 2424 1875 2488 praeesse
1931 2426 2092 2490 agro
2149 2428 2252 2470 co-

153 2512 207 2552 25
235 2491 427 2558 lendo
481 2490 804 2576 flagitium
859 2494 1075 2574 puteS,
1129 2490 1420 2574 profecto
1474 2490 1661 2555 illum
1704 2491 2006 2575 Atilium,
2061 2514 2255 2576 quem

236 2602 354 2645 sua
408 2602 605 2644 manu
660 2581 1075 2663 spargentem
1130 2599 1378 2661 semen,
1439 2579 1549 2662 qui
1602 2579 1786 2643 missi
1840 2584 2051 2663 erant,
2106 2601 2253 2644 con·

234 2671 568 2751 venerunt,
596 2667 924 2731 hominem
952 2666 1402 2749 turpissimum
1429 2670 1623 2749 atque
1650 2667 2252 2731 inhonestissimum

234 2755 568 2820 iudicares,
654 2755 745 2819 At
796 2753 1058 2818 hercule
1114 2754 1390 2818 maiores
1444 2754 1658 2819 nostri
1703 2755 1901 2841 longe
1949 2754 2139 2829 aliter
2187 2757 2254 2817 et

236 2842 315 2907 de
352 2842 469 2908 illo
514 2847 579 2908 et
626 2843 702 2907 de
750 2842 981 2907 ceteris
1028 2842 1272 2906 talibus
1319 2842 1477 2906 viris
1525 2842 1988 2907 existimabant
2031 2841 2254 2923 itaque

152 2951 206 2991 ao
236 2954 313 2996 ex
335 2931 608 2995 minima
635 2930 1140 3012 tenuissimaque
1168 2952 1239 2994 re
1265 2930 1528 3014 publica
1555 2931 1905 2994 maximam
1934 2933 2000 2993 et
2027 2929 2253 2992 fioren-

231 3020 561 3084 tissimam
594 3019 786 3083 nobis
821 3018 1237 3101 reliquerunt.
1314 3016 1476 3083 Suos
1515 3018 1687 3083 enim
1725 3039 1919 3103 agros
1968 3015 2252 3079 studiose

234 3109 555 3191 colebant,
591 3129 725 3172 non
762 3107 1007 3171 alienos
1047 3106 1274 3190 cupide
1312 3106 1732 3190 adpetebant3
1780 3104 2013 3188 quibus
2060 3103 2250 3167 rebus

234 3201 301 3260 et
336 3196 517 3282 agris
557 3200 624 3259 et
660 3195 930 3259 urbibus
969 3198 1035 3258 et
1078 3194 1454 3261 nationibus
1500 3216 1639 3258 rem
1683 3192 2012 3277 publicam
2060 3194 2253 3274 atque

231 3284 354 3350 hoc
427 3284 774 3368 imperium
848 3286 914 3348 et
980 3283 1208 3366 populi
1269 3280 1550 3346 Romani
1617 3301 1854 3344 nomen
1922 3283 2253 3344 auxerunt.

145 3389 200 3429 ³5
228 3371 460 3456 Neque
505 3393 627 3457 ego
673 3371 835 3436 haec
879 3393 954 3435 eo
1001 3370 1279 3454 profero,
1328 3392 1454 3453 quo
1503 3367 1886 3433 conferenda
1932 3368 2063 3432 sint
2109 3390 2253 3432 cum

227 3460 429 3544 hisce,
477 3461 554 3524 de
593 3460 825 3543 quibus
871 3481 1040 3524 nunc
1088 3456 1476 3542 quaerimus,
1522 3456 1634 3520 sed
1680 3460 1754 3520 ut
1797 3455 1960 3520 illud
2005 3457 2254 3521 intelle-

235 3551 451 3630 gatur,
496 3571 639 3614 cum
679 3549 850 3633 apud
892 3548 1172 3612 maiores
1216 3550 1479 3611 nostros
1527 3544 1763 3611 summi
1807 3544 1931 3609 viri
1978 3545 2254 3610 clarissi-

2290 935 2358 983 49

2290 2283 2359 2332 50

2291 3379 2356 3427 51
