2566 4016
701 290 838 348 LIB.
876 292 903 346 1
994 291 1149 347 OAP.
1187 296 1397 348 56—58
1437 298 1467 359 s
1507 298 1802 349 146—152.
2134 294 2264 359 195

236 436 517 523 putabat
563 456 633 500 se
680 435 928 519 aliquid
983 434 1374 501 defensionis
1428 434 1835 520 habiturum3
1887 436 2264 504 Habonium

237 546 433 611 porro
515 523 943 608 intellegebat
1022 545 1161 589 rem
1242 527 1455 589 totam
1537 546 1677 589 esse
1765 525 2262 609 patefacturum.

237 612 531 678 Tametsi
582 612 736 696 quid
787 615 1049 696 poterat
1104 633 1244 676 esse
1293 612 1608 697 apertius,
1665 634 1859 696 quam
1904 636 2072 678 nunc
2119 614 2262 678 est?

236 699 332 766 Ut
376 722 507 765 uno
552 700 766 765 minus
810 703 980 764 teste
1025 700 1324 784 haberet,
1369 700 1673 765 Habonio
1723 722 1885 785 opus
1930 701 2001 766 in
2048 723 2264 785 accep-

185 813 211 855 ο
239 793 382 853 tum
420 788 676 853 rettulit
705 788 1127 872 quadriennio
1156 792 1327 873 post,
1364 810 1559 873 quam
1589 788 1758 853 diem
1786 788 1966 874 operi
1995 789 2261 854 dixerat.

238 876 381 942 Hac
436 875 834 960 condicione,
889 876 945 940 si
993 876 1138 959 quis
1187 876 1264 940 de
1310 876 1554 962 populo
1600 877 1971 962 redemptor
2017 899 2227 942 acces·
2266 888 2369 938 150

239 966 458 1048 sisset,
510 985 641 1028 non
700 968 872 1028 esset
925 986 1106 1048 usus3
1167 986 1314 1030 cum
1370 964 1472 1029 die
1526 969 1776 1030 ceteros
1822 965 2262 1051 redemptores

242 1053 641 1136 exclusisset,
677 1055 819 1117 tum
855 1053 925 1116 in
962 1052 1097 1117 eius
1137 1053 1484 1117 arbitrium
1517 1075 1592 1118 ac
1620 1056 2014 1136 potestatem
2043 1054 2263 1119 venire

240 1141 570 1225 nolebant,
616 1140 728 1224 qui
765 1141 894 1205 sibi
931 1144 1223 1224 ereptam
1260 1140 1564 1224 praedam
1607 1141 2050 1205 arbitraretur.
2122 1140 2263 1206 Nos

158 1254 214 1294 ιο
240 1252 321 1294 ne
369 1234 923 1314 argumentemur,
980 1249 1106 1312 quo
1152 1228 1285 1293 ista
1328 1228 1601 1313 pecunia
1654 1229 2047 1312 pervenerit,
2100 1228 2263 1293 facit

237 1315 1406 1488 3.⁸⁶Br¹1¹1¹t‘l²3¹¹²0¹31‘1te1fd232¹‚¹”{15¹²ss
1463 1316 1912 1489 ἔὲἓθῖεῖῗιἮΣ
1957 1337 2264 1469 ἑὲωωῗὲ

239 1492 422 1557 milia
483 1494 877 1577 numeravit,
938 1491 1109 1578 quod
1170 1492 1306 1557 iam
1368 1492 1493 1557 iste
1556 1492 1727 1557 ferre
1789 1514 1921 1558 non
1983 1495 2265 1578 poterat,

238 1602 431 1666 opere
478 1581 734 1647 addicto
745 1630 763 1665 ‚
806 1581 1154 1666 praedibus
1201 1580 1481 1665 acceptis
1529 1581 1605 1645 de
1650 1577 1762 1645 HS
1807 1599 1953 1646 DLX
1997 1581 2263 1647 milibus

157 1694 210 1736 15
239 1669 494 1735 remisit
546 1669 625 1734 D.
679 1669 887 1734 Bruto
941 1667 1054 1734 HS
1110 1685 1199 1733 cx
1255 1669 1454 1733 milia.
1552 1668 1722 1753 Hoc,
1778 1669 1836 1733 si
1890 1670 2103 1734 aliena
2158 1691 2269 1734 res,

234 1762 429 1841 esset,
466 1760 637 1822 certe
672 1757 885 1823 facere
922 1779 1054 1822 non
1079 1758 1423 1842 potuisset.
1495 1755 1743 1822 Deinde
1769 1757 2018 1822 nummi
2043 1779 2264 1821 nume-

237 1846 369 1909 rati
408 1846 560 1907 sunt
598 1842 961 1930 Cornificio,
1008 1867 1198 1929 quem
1237 1845 1519 1911 scribam
1556 1866 1744 1909 suum
1778 1844 1981 1909 fuisse
2020 1864 2263 1928 negare

239 1953 374 1996 non
417 1934 654 2017 potest.
727 1926 1066 1999 Postremo
1106 1933 1315 2018 ipsius
1350 1932 1614 1996 Haboni
1648 1931 1914 1996 tabulae
1952 1931 2262 2017 praedam

239 2021 425 2085 illam
463 2020 654 2086 istius
699 2020 899 2087 fuisse
945 2022 1249 2087 clamant.
1323 2021 1570 2086 Recita.
1623 2024 1921 2089 NOMINA
1956 2019 2259 2086 HABONI.
2279 2075 2365 2140 58

152 2134 212 2175 20
371 2108 497 2175 Hic
539 2111 735 2175 etiam
782 2111 1000 2195 priore
1046 2110 1301 2175 actione
1347 2107 1419 2186 Q.
1464 2107 1854 2173 Hortensius
1900 2109 2225 2193 pupillum
2264 2152 2363 2201 151

239 2197 496 2263 Iunium
541 2199 795 2264 venisse
848 2202 1330 2284 praetextatum
1383 2197 1455 2262 in
1507 2200 1798 2262 vestrum
1845 2200 2261 2282 conspectum

240 2290 306 2351 et
360 2287 622 2351 stetisse
678 2309 823 2352 cum
875 2290 1112 2370 patruo
1166 2286 1613 2351 testimonium
1680 2284 1930 2349 dicente
1994 2289 2261 2370 questus

240 2377 338 2439 est
375 2380 441 2440 et
478 2397 581 2440 me
618 2376 1025 2461 populariter
1054 2396 1247 2461 agere
1277 2379 1473 2459 atque
1499 2373 1812 2439 invidiam
1841 2395 2262 2459 commovere,

243 2463 411 2545 quod
429 2486 703 2548 puerum
719 2464 1159 2549 producerem,
1181 2463 1565 2528 clamitavit.
1611 2462 1781 2538 Quid
1804 2467 1963 2545 erat,
1982 2461 2275 2528 Horten·

146 2573 211 2615 25
239 2550 322 2635 si,
378 2552 642 2617 tandem
696 2552 767 2617 in
819 2553 936 2616 illo
984 2573 1183 2636 puero
1230 2550 1572 2635 populare,
1628 2550 1782 2634 quid
1824 2551 2260 2616 invidiosum?

238 2637 541 2723 Gracchi,
605 2640 823 2724 credo,
887 2644 1002 2704 aut
1067 2638 1402 2704 Saturnini
1465 2642 1579 2703 aut
1643 2638 1913 2703 alicuius
1977 2638 2261 2708 hominis

238 2725 378 2788 eius
435 2727 625 2804 ,modi
696 2727 1127 2810 produxeram
1200 2727 1435 2811 filium,
1506 2730 1581 2791 ut
1653 2726 1911 2790 nomine
1983 2726 2126 2809 ipso
2196 2728 2261 2789 et

239 2811 557 2876 memoria
574 2813 781 2895 patris
812 2815 1062 2881 animos
1090 2816 1409 2900 inperitae
1439 2813 1876 2879 multitudinis
1904 2834 2262 2880 commove-

236 2921 396 2965 rem.
485 2896 555 2963 P.
600 2896 747 2962 Iuni
792 2905 959 2985 erat,
1010 2902 1296 2968 hominis
1343 2903 1418 2967 de
1464 2903 1655 2988 plebe
1699 2901 2024 2985 Romana,
2068 2901 2264 2984 filius,

149 3015 209 3055 ao
240 3009 431 3073 quem
476 2989 666 3070 pater
702 2988 982 3053 moriens
1022 3012 1167 3055 cum
1201 2991 1532 3055 tutoribus
1571 2993 1637 3055 et
1671 2990 2073 3076 propinquiS,
2118 2992 2261 3053 tum

236 3076 523 3162 legibus,
596 3079 738 3140 tum
812 3076 1124 3159 aequitati
1187 3079 1721 3164 magistratuum,
1791 3081 1935 3143 tum
2006 3076 2257 3142 iudiciis

237 3164 473 3230 vestris
529 3163 1050 3230 commendatum
1107 3167 1381 3248 putavit.
1478 3166 1605 3231 Hic
1657 3167 1847 3231 istius
1908 3167 2221 3232 scelerato
2262 3169 2364 3220 152

234 3252 614 3338 nefarioque
668 3252 1013 3318 latrocinio
1069 3252 1258 3317 bonis
1314 3253 1545 3336 patriis
1597 3254 2003 3341 fortunisque
2061 3253 2261 3319 omni·

237 3341 358 3406 bus
406 3342 726 3427 spoliatus
773 3340 951 3406 venit
995 3340 1065 3405 in
1108 3339 1434 3422 iudicium,
1482 3341 1538 3405 si
1580 3342 1747 3406 nihil
1786 3343 1980 3428 aliud,
2026 3343 2262 3414 saltem

149 3451 212 3494 85
238 3432 312 3492 ut
358 3452 521 3513 eum,
568 3430 748 3496 cuius
796 3452 993 3515 opera
1037 3427 1178 3512 ipse
1224 3428 1468 3493 multos
1508 3449 1711 3493 annos
1750 3435 1920 3494 esset
1955 3431 2026 3495 in
2063 3431 2261 3496 sordi-

238 3515 377 3600 bus,
422 3519 617 3602 paulo
665 3524 886 3586 tamen
933 3515 1292 3585 obsoletius
1339 3516 1648 3583 vestitum
1695 3517 1959 3582 videret.
2029 3519 2260 3603 Itaque

239 3603 380 3688 tibi,
424 3605 762 3693 Hortensi,
807 3630 940 3674 non
983 3608 1165 3673 illius
1215 3610 1423 3692 aetas,
1470 3605 1583 3672 sed
1630 3626 1850 3690 causa,
1893 3627 2026 3670 non
2070 3606 2262 3672 vesti-

1728 3708 1836 3764 13*
