2566 4016
370 212 503 276 480
972 208 1051 263 IN
1089 209 1146 264 Ο.
1175 206 1482 262 VERREM
1517 205 1676 263 ACT.
1713 205 1780 260 11.
1848 158 1850 161 ι

266 360 353 425 53
371 353 722 437 voluptati,
782 354 894 420 sed
954 352 1154 417 etiam
1208 350 1508 435 quaestui
1560 350 1686 415 fuit
1699 349 1737 414 l'
1802 386 1878 396 —
1935 349 2097 415 haec
2158 350 2219 414 si
2275 351 2395 416 tibi

371 447 523 507 tuus
598 463 835 527 parens
908 441 1178 524 diceret,
1246 460 1472 522 posses
1537 439 1621 503 ab
1687 459 1763 504 eo
1825 437 2084 505 veniam
2151 443 2395 523 petere,

371 551 599 613 posses
609 579 627 612 ,
672 534 747 595 ut
791 529 915 594 tibi
959 529 1353 615 ignosceret,
1399 526 1776 610 postulare?>

270 630 370 680 139
508 615 680 684 Satis
737 621 840 682 est
889 616 1139 682 factum
1185 613 1446 698 Siculis,
1501 615 1662 680 satis
1718 612 1933 679 officio
1991 634 2065 681 ac
2116 615 2393 680 necessi·

373 707 601 790 tudini,
646 706 808 770 satis
845 705 1166 788 promisso
1206 708 1435 768 nostro
1483 724 1557 768 ac
1602 705 1883 786 recepto.
1962 700 2253 786 Reliqua.
2299 709 2393 767 est
2414 720 2436 760 ⁵

374 817 451 860 ea
496 815 715 877 causa,
766 792 1034 875 iudiceS,
1091 813 1254 876 quae
1300 791 1434 858 iam
1475 811 1610 856 non
1653 794 1939 874 recepta,
1985 789 2099 854 sed
2145 791 2393 875 innata,

372 903 579 965 neque
643 880 861 946 delata
925 881 1007 946 ad
1071 902 1201 963 me,
1267 878 1384 944 sed
1445 878 1517 943 in
1577 878 1794 944 animo
1860 890 2183 962 sensuque
2256 901 2392 945 meo

373 969 631 1054 penitus
670 968 882 1033 adfixa
918 972 1114 1052 atque
1148 967 1350 1032 insita
1386 970 1514 1050 est3
1560 988 1724 1050 quae
1758 987 1893 1030 non
1938 965 2022 1031 ad
2065 967 2394 1033 sociorum

375 1056 672 1140 salutem,
718 1056 831 1122 sed
869 1056 952 1122 ad
987 1056 1223 1121 civium
1257 1054 1723 1138 Romanorum,
1766 1054 1892 1120 hoc
1929 1057 2029 1118 est
2068 1055 2156 1120 ad
2203 1056 2393 1120 unius

373 1145 681 1229 cuiusque
734 1148 1068 1227 nostrum,
1114 1143 1322 1208 vitam
1377 1147 1444 1208 et
1497 1142 1882 1228 sanguinem
1925 1141 2240 1227 pertinet.
2319 1143 2396 1207 In
2420 1161 2467 1200 10

374 1255 504 1317 qua
538 1233 744 1298 nolite
781 1255 820 1297 a
856 1254 976 1316 me,
1013 1232 1200 1315 quasi
1239 1231 1504 1298 dubium
1548 1230 1636 1295 sit
1673 1229 1937 1315 aliquid,
1983 1236 2396 1316 argumenta,

372 1321 642 1406 indicna,
687 1324 1086 1406 aspectam
1132 1319 1377 1404 omnia,
1424 1340 1588 1403 quae
1640 1319 1876 1401 dicam,
1922 1317 2015 1383 sic
2060 1322 2262 1383 erunt
2308 1320 2398 1384 in-

372 1408 625 1492 lustria,
670 1412 746 1473 ut
783 1408 865 1473 ad
911 1430 987 1473 ea
1031 1407 1371 1491 probanda.
1413 1410 1626 1473 totam
1663 1404 1953 1472 Siciliam
1997 1409 2245 1471 testem
2294 1409 2399 1473 ad·

370 1496 596 1559 hibere
622 1495 889 1578 possim.
940 1493 1150 1559 Furor
1178 1495 1351 1560 enim
1381 1494 1643 1579 quidam
1680 1494 1940 1560 sceleris
1977 1498 2044 1558 et
2081 1494 2396 1561 audaciae

371 1603 585 1647 comes
647 1581 837 1646 istius
898 1582 1280 1649 effrenatum
1336 1582 1626 1648 animum
1677 1583 2232 1666 inportunamque
2286 1607 2395 1648 na·
2422 1600 2470 1640 1⁵

370 1674 587 1735 turam
624 1673 814 1735 tanta
850 1669 1177 1755 oppressit
1214 1670 1519 1754 amentia,
1554 1675 1630 1735 ut
1664 1691 2019 1754 numquam
2057 1669 2398 1737 dubitaret

369 1758 439 1823 in
475 1764 792 1824 conventu
838 1760 1057 1844 palam
1103 1758 1440 1844 supplicia,
1488 1780 1652 1842 quae
1696 1758 1768 1822 in
1812 1757 2146 1824 convictos
2194 1761 2399 1825 male·

369 1847 501 1912 ficii
555 1868 777 1913 servos
828 1846 1185 1912 constituta
1232 1850 1408 1929 sunt,
1463 1867 1539 1911 ea
1582 1847 1653 1910 in
1697 1846 1856 1911 civis
1901 1845 2245 1913 Romanos
2294 1871 2399 1913 ex-

268 1945 369 1996 140
404 1957 721 2020 promere.
807 1933 1033 2021 Virgis
1098 1956 1294 2019 quam
1356 1934 1599 1999 multos
1663 1933 1989 2017 ceciderit,
2054 1935 2217 2019 quid
2277 1959 2398 2023 ego

370 2024 913 2090 commemorem?
1022 2023 1306 2088 Tantum
1377 2022 1784 2106 brevissime,
1864 2021 2140 2107 iudices,
2226 2025 2396 2091 dico:
2417 2041 2467 2080 ω

368 2111 642 2176 Nullum
703 2110 831 2177 fuit
895 2112 1157 2177 omnino
1222 2111 1509 2176 civitatis
1573 2111 1704 2175 isto
1768 2115 2067 2195 praetore
2134 2111 2213 2176 in
2278 2114 2389 2179 hoc

370 2220 605 2285 genere
634 2199 996 2265 discrimen.
1057 2199 1289 2282 Itaque
1325 2199 1458 2263 iam
1495 2198 1955 2264 consuetudine
1993 2198 2076 2263 ad
2115 2221 2394 2285 corpora

370 2288 606 2353 civium
652 2287 1095 2353 Romanorum
1151 2287 1351 2352 etiam
1406 2287 1544 2351 sine
1598 2286 1790 2352 istius
1844 2289 2009 2352 nutu
2052 2285 2401 2356 ferebatur

369 2397 599 2439 manus
644 2375 791 2459 ipsa
835 2375 1104 2440 lictoris.

265 2466 351 2531 54
499 2460 677 2526 Num
703 2461 704 2464 ’
728 2466 915 2546 potes
969 2463 1095 2528 hoc
1146 2484 1229 2528 ne
1278 2484 1389 2527 are
1397 2513 1414 2545 ‚
1469 2460 1708 2528 Verres
1717 2511 1737 2546 ,
1788 2462 1859 2526 in
1900 2460 2045 2527 foro
2090 2462 2406 2548 Lilybaei
2428 2482 2477 2523 ²⁵

369 2549 651 2613 maximo
716 2553 1035 2614 conventu
1099 2548 1166 2615 O.
1266 2550 1590 2633 ervilium,
1653 2550 1859 2615 civem
1922 2549 2306 2618 Romanum
2369 2577 2406 2618 e

368 2640 689 2704 conventu
755 2636 1268 2704 Panhormitano
1276 2688 1296 2724 ,
1366 2643 1652 2704 veterem
1721 2638 2237 2724 negotiatorem,
2313 2642 2407 2706 ad

366 2725 657 2791 tribunal
696 2729 848 2791 ante
892 2726 1087 2810 pedes
1133 2730 1282 2792 tuos
1328 2727 1413 2791 ad
1456 2730 1700 2794 terram
1744 2725 1948 2812 virgis
1995 2730 2063 2791 et
2109 2728 2411 2794 verberi-

367 2814 489 2879 bus
545 2814 915 2880 abiectum?
1004 2814 1189 2880 Aude
1243 2814 1368 2880 hoc
1416 2814 1700 2900 primum
1744 2829 2013 2900 negare,
2069 2816 2128 2879 si
2170 2821 2413 2901 potem

366 2924 558 2967 nemo
595 2901 894 2987 Lilybaei
927 2902 1072 2985 fuit,
1118 2902 1278 2986 quin
1311 2902 1564 2986 viderit,
1607 2923 1799 2967 nemo
1837 2901 1906 2966 in
1941 2899 2183 2987 Sicilia,
2235 2906 2416 2989 quin
2442 2923 2493 2963 so

368 2989 661 3057 audierit.
724 2989 951 3076 Plagis
980 2990 1347 3056 confectum
1377 2990 1517 3055 dico
1556 3013 1595 3055 a
1631 2989 1970 3056 lictoribus
2008 2991 2142 3060 tuis
2180 2993 2418 3061 civem

267 3088 365 3138 141
402 3077 771 3152 Romanum
809 3082 962 3143 ante
1008 3078 1230 3146 oculos
1276 3082 1426 3144 tuos
1473 3078 1844 3146 concidisse.
1917 3078 2011 3145 At
2057 3101 2265 3164 quam
2319 3083 2416 3150 ob

368 3187 656 3251 causam,
712 3151 778 3231 di
831 3167 1239 3232 inmortales!
1313 3166 1582 3232 tametsi
1633 3166 1965 3232 iniuriam‘
1988 3168 2162 3234 facio
2217 3193 2418 3237 com-

367 3255 548 3319 muni
602 3275 834 3320 causae
891 3258 956 3319 et
1000 3255 1128 3320 iuri
1173 3254 1487 3338 civitatis;
1541 3255 1728 3339 quasi
1773 3255 1944 3321 enim
1989 3256 2129 3320 ulla
2174 3261 2421 3342 possit

368 3363 508 3406 esse
546 3364 758 3428 causa,
795 3353 907 3408 cur
942 3342 1067 3408 hoc
1104 3343 1405 3426 cuiquam
1441 3342 1567 3408 civi
1602 3342 1897 3408 Romano
1936 3343 2072 3408 iure
2117 3346 2420 3431 accidat,
2448 3365 2493 3404 ³⁵
2522 3363 2523 3386 ³

366 3427 463 3523 ita
517 3451 783 3513 quaero,
840 3451 1003 3514 quae
1057 3430 1128 3495 in
1173 3428 1450 3497 Servilio
1505 3453 1700 3497 causa
1752 3430 1965 3495 fuerit.
2055 3430 2421 3518 Ignoscite

365 3531 437 3573 m
488 3512 612 3578 hoc
665 3537 821 3600 uno,
877 3517 1147 3602 iudices3
1201 3518 1272 3585 in
1316 3519 1547 3585 ceteris
1595 3519 1767 3585 enim
1812 3540 1945 3584 non
1986 3541 2421 3607 magnopere
