2566 4016
686 172 822 228 LIB.
860 173 914 226 II
977 173 1133 227 CAP.
1173 179 1401 229 63—65.
1439 179 1469 239 ξ
1509 172 1805 229 154-169.
2135 175 2261 242 257

367 319 688 384 Dixerunt
705 315 1063 400 Halaesini,
1087 315 1488 401 Catinenses,
1506 316 1949 403 Tyndaritani,
1966 319 2264 387 Hennen-
2284 319 2369 384 65

241 430 357 492 ses,
402 406 850 487 Herbitenses,
895 405 1359 490 Agyrinenses,
1403 404 1648 488 Netini,
1694 403 2063 492 Segestani3
2115 432 2263 475 enu-

241 517 485 562 merare
541 515 766 561 omnes
821 515 954 558 non
1008 499 1110 558 est
1160 514 1441 559 necesse.
1539 491 1762 579 Scitis,
1822 517 2018 578 quam
2073 499 2265 563 multi

242 589 304 650 et
350 605 546 667 quam
592 581 803 647 multa
847 582 1063 666 priore
1109 582 1364 646 actione
1402 582 1706 667 dixerint3
1750 604 1920 648 nunc
1958 588 2024 649 et
2059 585 2161 650 illi
2198 590 2265 649 et

192 690 218 730 5
242 671 475 754 reliqui
518 670 751 737 dicent.
833 667 1072 735 Omnes
1122 669 1396 753 denique
1441 670 1565 735 hoc
1610 670 1680 735 in
1724 671 1848 736 hac
1893 693 2088 738 causa
2131 673 2228 737 in-
2268 677 2368 726 15⁷

242 761 578 844 te,llegent
641 757 767 823 hoc
830 758 1048 822 animo
1114 779 1254 822 esse
1311 756 1747 842 Sicu108,ut,
1812 760 1869 824 si
1930 760 2001 825 in
2062 761 2265 827 istum

243 847 761 913 animadversum
823 866 956 910 non
1020 846 1134 928 sit,
1196 845 1326 910 sibi
1389 846 1844 930 relinquendas
1906 848 2132 914 domos
2190 871 2263 915 ac

243 937 421 1002 sedes
450 956 602 1000 suas
632 938 699 999 et
728 955 804 997 ex
832 931 1054 1000 Sicilia
1091 895 1521 999 decedendum
1568 938 1764 1019 atque
1811 936 1971 1002 adeo
2015 936 2264 1022 fugien-

242 1027 391 1101 dum
444 1044 587 1088 esse
643 1021 1060 1087 arbitrentur.
1160 1020 1302 1086 Hos
1356 1022 1652 1087 homines
1706 1028 1781 1088 tu
1843 1025 2263 1108 persuadebis

169 1132 217 1170 10
243 1113 324 1178 ad
357 1112 674 1179 honorem
711 1114 907 1193 atque
944 1109 1440 1193 amplitudinem
1486 1115 1670 1176 tuam
1714 1113 2019 1196 pecunias
2066 1114 2264 1179 maxi·

242 1222 380 1266 mas
438 1200 777 1265 voluntate
825 1219 943 1263 sua
986 1197 1387 1262 contulisse?
1478 1196 1685 1263 Credo
1695 1249 1714 1282 ,
1769 1200 1880 1283 qui
1925 1205 1991 1264 te
2036 1201 2107 1265 in
2150 1205 2265 1265 tua

243 1289 505 1354 civitate
558 1286 948 1351 incolumem
1003 1305 1144 1350 esse
1198 1287 1476 1368 nollent,
1532 1286 1603 1349 hi
1648 1292 2068 1354 monumenta
2113 1291 2265 1354 tuae

242 1376 489 1441 formae
536 1396 611 1440 ac
655 1373 938 1439 nominis
984 1374 1054 1437 in
1099 1373 1233 1439 suis
1280 1373 1656 1439 civitatibus
1704 1396 1844 1440 esse
1899 1376 2266 1460 cupiebant.

242 1464 370 1529 Res
425 1462 810 1546 declarabit,
863 1466 939 1526 ut
983 1461 1321 1545 cupierint.
1409 1460 1552 1527 Iam
1599 1463 1838 1528 dudum
1885 1463 2059 1528 enim
2104 1465 2264 1529 mihi

167 1569 216 1610 15
242 1553 514 1617 nimium
558 1551 842 1616 tenuiter
889 1548 1255 1615 Siculorum
1302 1571 1459 1635 erga
1521 1554 1587 1614 te
1650 1552 2011 1618 voluntatis
2078 1574 2265 1639 argu-

242 1644 461 1706 menta
510 1639 820 1725 colligere
873 1638 1098 1704 videor
1154 1640 1419 1722 [,utrum
1469 1641 1723 1705 statuas
1770 1640 2098 1706 voluerint
2141 1641 2269 1706 tibi

243 1734 528 1794 statuere
574 1749 659 1792 an
704 1726 913 1792 coacti
959 1726 1137 1805 sint].

374 1816 473 1879 De
521 1836 649 1898 quo
694 1814 817 1879 hoc
861 1814 1124 1879 homine
1169 1813 1463 1879 auditum
1510 1819 1612 1878 est
1655 1836 1993 1898 umquam,
2053 1815 2231 1899 quod
2271 1829 2372 1879 158

244 1902 370 1967 tibi
398 1902 649 1985 accidit,
693 1906 767 1966 ut
795 1903 932 1967 eius
969 1902 1039 1965 in
1073 1902 1410 1985 provincia
1456 1905 1711 1966 statuae
1753 1902 1818 1965 in
1859 1902 2020 1967 locis
2057 1903 2267 1987 publi-

161 2010 217 2050 20
244 1992 335 2058 cis
381 1991 663 2077 positae,
715 1990 957 2076 partim
1004 1989 1204 2058 etiam
1248 1989 1319 2053 in
1363 1989 1629 2055 aedibus
1676 1989 1904 2073 sacris,
1962 2011 2079 2075 per
2132 1990 2267 2057 vim

242 2085 309 2147 et
380 2102 498 2165 per
567 2080 938 2145 universam
1011 2077 1493 2143 multitudinem
1576 2078 1975 2143 deicerentur
1989 2079 2023 2142 *Ρ
2140 2079 2268 2144 Tot

241 2169 586 2234 homines
566 2190 637 2232 ιιι
662 2168 826 2233 Asia
851 2170 1177 2269 nocentes,
1204 2166 1353 2231 tot
1333 2187 1403 2230 m
1430 2165 1671 2249 Africa,
1697 2167 1851 2231 tot
1833 2188 1902 2230 ιιι
1927 2164 2267 2252 Hispania,

243 2256 483 2340 Gallia,
529 2254 843 2339 Sardinia,
888 2259 992 2320 tot
1036 2255 1107 2320 in
1148 2255 1295 2339 ipsa
1342 2252 1563 2320 Sicilia
1605 2254 1893 2339 fuerunt3
1922 2274 2143 2339 ecquo
2191 2256 2267 2320 de

241 2344 506 2409 homine
550 2344 674 2409 hoc
718 2366 1028 2427 umquam
1075 2344 1457 2410 audivistis?
1538 2342 1799 2409 Novum
1846 2347 1965 2428 est,
2008 2344 2269 2428 iudices,

156 2449 215 2491 25
242 2433 313 2498 in
379 2431 614 2498 Siculis
686 2433 946 2516 quidem
1004 2436 1086 2500 ,et
1156 2433 1227 2496 in
1298 2432 1596 2496 omnibus
1663 2430 1926 2498 Graecis
1991 2433 2270 2498 monstri

240 2522 473 2587 simile.
580 2520 732 2587 Non
785 2520 1113 2586 crederem
1164 2520 1292 2584 hoc
1346 2520 1423 2583 de
1478 2520 1743 2603 statuis,
1806 2521 1934 2584 nisi
1996 2521 2269 2587 iacentis

239 2611 658 2694 revolsasque
730 2607 1064 2692 vidissem,
1135 2611 1484 2693 propterea
1556 2607 1729 2690 quod
1800 2608 1971 2693 apud
2044 2630 2268 2673 omnes

242 2696 528 2760 Graecos
573 2697 681 2761 hic
726 2718 868 2762 mos
915 2700 1034 2781 est,
1079 2700 1155 2760 ut
1198 2695 1514 2775 honorem
1559 2695 1932 2761 hominibus
1968 2695 2270 2761 habitum

242 2783 316 2845 in
362 2784 794 2848 monumentis
841 2785 979 2849 eius
1024 2783 1202 2848 modi
1244 2805 1377 2847 non
1420 2783 1604 2847 nulla
1637 2783 1964 2868 religione
2003 2783 2269 2848 deorum

151 2888 214 2930 so
242 2870 610 2935 consecrari
656 2870 1069 2937 arbitrentur.
1142 2871 1374 2955 Itaque
1401 2870 1657 2954 Rhodii,
1704 2871 1817 2954 qui
1859 2892 2061 2956 prope
2108 2871 2234 2936 soli
2272 2883 2372 2932 159

240 2958 492 3023 bellum
545 2956 710 3021 illud
764 2960 1054 3042 superius
1110 2981 1257 3024 cum
1302 2958 1682 3024 Mithridate
1726 2978 1881 3045 rege
1927 2962 2270 3043 gesserunt

242 3067 596 3130 omnesque
656 3046 794 3110 eius
841 3048 1061 3130 copias
1108 3047 1620 3130 acerrimumque
1665 3046 1984 3130 impetum
2030 3046 2270 3110 moeni·

239 3136 395 3218 bus,
458 3134 764 3199 litoribus
827 3134 1270 3219 classibusque
1336 3135 1470 3200 suis
1529 3137 1958 3218 exceperunt,
2030 3137 2268 3217 tamen,

240 3246 391 3288 cum
450 3223 510 3288 ei
565 3223 708 3308 regi
759 3222 1005 3287 inimici
1057 3225 1319 3307 praeter
1373 3228 1620 3289 ceteros
1677 3226 1921 3305 essent,
1981 3225 2268 3287 statuam

148 3328 210 3370 35
240 3312 382 3378 eius
391 3362 410 3395 ,
456 3334 621 3396 quae
668 3314 810 3377 erat
856 3309 1028 3394 apud
1052 3310 1250 3410 ipsos
1296 3310 1367 3374 in
1412 3310 1830 3378 celeberrimo
1877 3309 2057 3375 urbis
2106 3309 2268 3393 loc0,

237 3421 324 3464 ne
390 3405 534 3466 tum
599 3400 859 3501 quidem
916 3398 987 3470 in
1045 3397 1206 3482 ipsis
1271 3399 1452 3464 urbis
1515 3398 1819 3485 periculis
1886 3398 2267 3485 attigerunt.

241 3487 343 3552 Ac
411 3487 692 3554 forsitan
762 3488 871 3554 vix
944 3486 1286 3552 convenire
1357 3486 1710 3572 videretur,
1787 3509 1979 3572 quem
2051 3487 2266 3572 ipsum

352 3597 461 3639 010
490 3597 1834 3643 11.1.17
