2566 4016
337 211 467 275 ‘218
937 207 1015 262 IN
1054 208 1112 263 G.
1140 207 1450 262 VERREM
1488 207 1648 262 ACT.
1684 207 1753 261 ΙΙ.

337 356 597 420 nomine
634 354 989 439 appellant,
1034 352 1495 419 honestissimo
1533 351 1676 416 loco
1716 354 1781 414 et
1820 350 1989 434 apud
2024 351 2179 415 illos
2226 351 2350 415 cla-

338 445 625 527 rissimo,
678 440 791 507 ubi
840 441 1016 506 illius
1062 441 1267 524 ipsius
1312 439 1398 504 M.
1434 438 1755 521 Marcelli,
1811 439 1921 523 qui
1967 461 2115 504 eum
2161 436 2352 521 Syra-

339 532 594 598 cusanis
649 531 890 613 locum,
950 550 1141 613 quem
1198 529 1444 613 eripere
1497 527 1657 592 belli
1712 549 1787 592 ac
1840 527 2153 592 victoriae
2207 527 2352 613 lege

338 623 588 705 posset,
653 618 1061 684 conservavit
1114 639 1189 682 ac
1241 616 1547 699 reddidit,
1602 617 1823 680 statua
1886 618 1984 679 est
2046 617 2152 695 [ex
2207 636 2352 679 aere

338 708 540 788 facta]
553 758 570 791 ,
632 707 725 772 ibi
774 706 1139 770 inauratam
1193 705 1383 769 istius
1440 707 1505 767 et
1561 703 1838 767 alteram
1881 703 2018 768 filio
2065 706 2351 767 statuam
2378 720 2404 759 ⁵

339 799 682 881 ponerent,
735 798 836 877 ut,
891 793 1042 859 dum
1095 793 1286 857 istius
1341 791 1624 857 hominis
1682 791 1993 856 memoria
2045 796 2352 876 maneret,

344 887 605 948 senatus
650 881 1090 966 Syracusanus
1139 881 1275 945 sine
1322 880 1608 944 lacrimis
1656 884 1722 944 et
1768 879 2017 965 gemitu
2061 879 2131 944 in
2177 880 2353 945 curia

238 985 304 1033 51
345 993 485 1036 esse
538 992 672 1036 non
723 973 964 1055 posset.
1062 968 1187 1033 Per
1242 968 1501 1034 eosdem
1555 968 1744 1031 istius
1798 967 2150 1052 furtorum,
2193 968 2354 1032 iniu-

343 1060 587 1124 riarum
660 1079 1058 1141 uxorumque
1134 1057 1343 1122 socios
1415 1056 1606 1120 istius
1679 1055 1952 1140 imperio
2018 1054 2352 1139 Syracusis

343 1147 682 1213 Marcellia
718 1147 1040 1212 tolluntur
1087 1145 1370 1210 maximo
1419 1144 1668 1230 gemitu
1715 1148 1779 1208 et
1825 1144 2005 1210 luctu
2050 1144 2355 1228 civitatis,
2382 1161 2434 1202 ιο

345 1258 538 1320 quem
601 1235 704 1299 illi
762 1235 930 1299 diem
983 1234 1226 1299 festum
1281 1255 1428 1297 cum
1481 1232 1846 1297 recentibus
1901 1233 2227 1297 beneficiis
2286 1231 2354 1297 G.

342 1323 641 1388 Marcelli
685 1323 975 1387 debitum
1020 1322 1403 1405 reddebant,
1456 1324 1596 1385 tum
1645 1321 1892 1407 generi,
1945 1321 2221 1404 nomini,
2263 1320 2356 1385 fa·

345 1412 564 1475 miliae
635 1410 1095 1475 Marcellorum
1175 1410 1460 1475 maxima
1540 1409 1878 1474 voluntate
1961 1409 2356 1477 tribuebant.
2457 1415 2466 1425 ‘

345 1497 757 1563 Mithridates
811 1498 881 1561 in
925 1496 1113 1581 Asia,
1167 1519 1313 1562 cum
1367 1519 1511 1562 eam
1554 1498 1957 1583 provinciam
1999 1502 2211 1564 totam
2257 1520 2356 1564 oc-

346 1589 675 1670 cupasset,
736 1584 950 1649 Mucia
1012 1606 1145 1649 non
1199 1586 1484 1651 sustulit.
1583 1585 1841 1669 Hostia,
1904 1590 1969 1652 et
2023 1586 2233 1652 hostis
2289 1587 2358 1651 in
2386 1604 2438 1644 1⁵

349 1674 580 1741 ceteris
617 1674 809 1739 rebus
846 1672 1039 1738 nimis
1075 1673 1251 1739 ferus
1299 1678 1365 1738 et
1409 1675 1731 1759 immaniS,
1777 1680 1998 1741 tamen
2041 1675 2357 1741 honorem

346 1763 631 1829 hominis
670 1764 935 1830 deorum
982 1763 1297 1850 religione
1342 1767 1786 1829 consecratum
1830 1764 2077 1829 violare
2121 1764 2361 1847 noluit3

346 1857 424 1918 tu
461 1851 899 1937 Syracusanos
941 1875 1139 1918 unum
1178 1853 1347 1917 diem
1382 1852 1623 1917 festum
1659 1851 1986 1917 Marcellis
2022 1853 2359 1937 impertire

344 1942 643 2027 noluisti,
706 1964 822 2027 per
886 1963 1047 2027 quos
1110 1941 1212 2006 illi
1271 1941 1490 2026 adepti
1546 1943 1723 2025 sunt,
1786 1943 1861 2004 ut
1915 1944 2163 2006 ceteros
2220 1940 2357 2005 dies

242 2042 307 2090 52
345 2031 550 2097 festos
620 2032 871 2117 agitare
933 2031 1246 2115 possent?
1347 2029 1440 2094 At
1504 2051 1656 2094 vero
1718 2030 2124 2114 praeclarum
2188 2030 2358 2094 diem
2388 2048 2441 2087 πο

346 2120 481 2184 illis
519 2119 888 2203 reposuisti,
932 2118 1166 2184 Verria
1201 2120 1276 2181 ut
1315 2121 1600 2202 agerent,
1646 2121 1712 2182 et
1748 2121 1838 2201 ut,
1885 2117 1967 2183 ad
2003 2140 2149 2183 eum
2188 2118 2359 2185 diem

348 2230 512 2291 quae
551 2207 749 2271 sacris
788 2206 1123 2291 epulisque
1161 2226 1324 2289 opus
1363 2209 1599 2289 essent,
1642 2206 1710 2270 in
1755 2206 2105 2290 compluris
2153 2228 2358 2271 annos

346 2295 741 2359 locarentur!
821 2293 964 2357 Iam
998 2293 1069 2355 in
1112 2296 1301 2357 tanta
1342 2292 1532 2358 istius
1578 2293 1979 2378 impudentia
2024 2294 2360 2360 remitten-

348 2382 498 2446 dum
538 2380 784 2463 aliquid
818 2378 1091 2462 videtur,
1127 2402 1208 2444 ne
1246 2380 1465 2445 omnia
1501 2381 1982 2466 contendamus,
2021 2404 2103 2447 ne
2140 2383 2362 2447 omnia

348 2490 493 2533 cum
521 2468 745 2532 dolore
783 2488 976 2553 agere
1012 2467 1362 2532 videamur.
1424 2467 1597 2535 Nam
1634 2492 1738 2534 me
1776 2469 1931 2554 dies,
1965 2492 2110 2554 voit,
2146 2471 2361 2535 latera
2390 2486 2440 2526 π

349 2556 667 2639 deficiant,
714 2556 771 2620 si
806 2556 930 2620 hoc
965 2576 1134 2620 nunc
1170 2556 1513 2621 vociferari
1548 2558 1762 2641 velim,
1809 2580 2002 2641 quam
2048 2559 2363 2624 miserum

346 2644 812 2729 indignumque
852 2643 938 2708 sit
981 2644 1173 2708 istius
1218 2645 1480 2710 nomine
1526 2644 1698 2729 apud
1744 2667 1854 2710 eos
1902 2646 2071 2710 diem
2114 2646 2364 2711 festum

347 2755 505 2815 esse,
553 2733 663 2816 qui
699 2754 768 2796 se
813 2731 1005 2796 istius
1052 2753 1250 2816 opera
1294 2732 1583 2797 funditus
1632 2733 1951 2798 extinctos
1998 2755 2137 2799 esse
2186 2736 2365 2799 arbi-

345 2825 621 2887 trantur.
703 2819 757 2884 O
790 2819 1024 2885 Verria
1067 2820 1429 2904 praeclara!
1495 2842 1621 2904 quo
1631 2871 1649 2905 ,
1696 2843 1935 2905 quaeso
1945 2871 1963 2904 ,
2011 2823 2367 2906 accessisti,

346 2931 473 2994 quo
501 2931 635 2973 non
670 2908 969 2972 attuleris
997 2907 1199 2971 istum
1224 2912 1441 2973 tecum
1473 2908 1685 2973 diem‘?
1749 2908 2012 2973 Etenim
2050 2932 2249 2994 quam
2286 2914 2368 2975 tu
2396 2929 2445 2969 so

345 2998 631 3080 domum,
701 3018 896 3081 quam
960 2994 1186 3059 urbem
1252 2995 1472 3078 adisti,
1541 2996 1713 3080 quod
1775 2995 2000 3062 fanum
2066 2998 2367 3082 denique,

347 3085 520 3170 quod
559 3106 691 3150 non
735 3105 1028 3149 eversum
1076 3086 1270 3167 atque
1318 3086 1643 3148 extersum
1688 3085 2072 3168 reliqueris?
2146 3085 2376 3161 Quare

346 3173 757 3259 appellentur
818 3193 974 3237 sane
1036 3171 1167 3235 ista
1210 3168 1472 3255 Verria,
1535 3193 1700 3256 quae
1758 3193 1893 3238 non
1947 3195 2024 3238 ex
2078 3175 2373 3258 nomine,

347 3261 458 3325 sed
481 3283 559 3324 ex
585 3259 884 3325 manibus
911 3262 1272 3343 naturaque
1300 3262 1416 3324 tua
1444 3260 1802 3325 constituta
1831 3282 1971 3325 esse
1999 3261 2370 3328 videantur.

479 3346 685 3421 Quam
721 3347 914 3413 facile
952 3350 1172 3432 serpat
1208 3346 1447 3412 iniuria
1482 3350 1548 3411 et
1589 3347 1896 3431 peccandi
1942 3351 2371 3434 consuetudo,
2400 3366 2449 3406 ⁸⁵

349 3454 542 3514 quam
598 3455 731 3498 non
785 3435 977 3499 facile
1030 3434 1450 3519 reprimatur,
1513 3434 1754 3519 videte,
1816 3436 2076 3503 iudices,
2177 3437 2374 3503 Bidis

349 3519 656 3602 oppidum
692 3525 791 3585 est
832 3524 1022 3587 tenue
1070 3544 1251 3605 sane,
1296 3544 1429 3588 non
1473 3523 1667 3609 longe
1715 3547 1753 3589 a
1799 3522 2153 3608 Syracusis.
2237 3526 2379 3591 Hic

241 3316 326 3439 Ξὲ
