2566 4016
320 228 453 295 350
933 224 1013 279 m
1051 225 1109 280 0.
1137 222 1449 280 VERREM
1486 223 1639 279 Ac'r.
1678 224 1745 278 11.

314 373 575 455 iudices,
621 370 899 438 concedo
946 374 1013 434 et
1058 370 1323 455 largior.
1406 362 1476 433 Si
1521 369 1658 433 ullo
1705 367 1773 433 in
1820 368 1965 434 loco
2011 367 2149 432 eius
2198 387 2338 452 pro-

315 462 566 526 vinciae
616 460 1015 524 frumentum
1067 458 1238 523 tanti
1291 458 1446 541 fuit,
1501 457 1730 543 quanti
1775 457 1901 521 iste
1950 457 2338 541 aestimavit,

314 550 440 614 hoc
471 549 716 614 crimen
745 548 817 612 in
842 549 1043 612 istum
1069 568 1253 611 reum
1282 547 1499 611 valere
1533 550 1831 629 oportere
1868 564 2002 610 non
2039 545 2338 610 arbitror.

315 637 561 703 Verum
625 636 796 701 enim
860 657 1042 719 1810,
1105 657 1252 700 011111
1318 638 1490 699 esset
1547 631 1661 699 HS
1723 633 1895 697 binis
1962 636 2077 697 aut
2142 633 2339 698 etiam

314 726 521 791 ternis
550 724 884 809 quibusvis
912 724 982 788 in
1009 724 1170 788 locis
1207 722 1599 806 provinciae,
1636 721 1963 786 duodenos
2004 722 2337 786 sestertios
2367 738 2395 780 s

317 813 608 900 exegisti.
691 810 763 876 Si
815 811 979 876 mihi
1032 815 1248 876 tecum
1301 832 1510 895 neque
1565 810 1644 874 de
1701 828 1961 875 annona
2008 828 2218 893 neque
2261 810 2339 874 de

317 901 790 966 aestumatione
825 904 942 965 tua
976 903 1198 984 potest
1239 920 1382 963 esse
1425 899 1889 981 controversia,
1937 897 2094 981 quid
2140 897 2341 982 sedes,

318 989 473 1073 quid
531 993 832 1073 expectas
844 1038 862 1072 ,
925 987 1078 1072 quid
1141 986 1475 1051 defendis?
1557 990 1780 1051 utrum
1843 986 1968 1050 tibi
2032 986 2342 1071 pecuniae

317 1080 546 1161 captae
602 1077 985 1142 conciliatae
1038 1074 1338 1140 videntur
1396 1075 1703 1140 adversus
1759 1075 1968 1176 18888,
2034 1075 2341 1140 adversus
2405 1091 2410 1094 ’
2529 1070 2530 1083 ’

319 1187 456 1229 1881
491 1165 824 1250 publicam
869 1185 1016 1229 cum
1061 1164 1349 1228 maxima
1394 1163 1716 1228 sociorum
1761 1163 2016 1247 iniuria,
2061 1181 2146 1228 an
2191 1182 2341 1227 vero
2377 1185 2431 1225 ιο

316 1253 384 1317 id
428 1257 628 1337 recte,
677 1253 928 1336 ordine,
975 1273 1011 1317 e
1045 1274 1117 1317 re
1161 1253 1451 1336 publica,
1498 1251 1636 1316 sine
1683 1251 2062 1335 cuiusquam
2105 1251 2347 1316 iniuria

316 1341 566 1406 factum
614 1362 755 1405 esse
803 1340 1138 1405 defendis?

212 1441 314 1492 195
452 1427 616 1494 Cum
651 1429 778 1493 tibi
815 1433 1078 1493 senatus
1118 1449 1196 1492 ex
1232 1427 1484 1493 aerario
1528 1427 1867 1513 pecuniam
1900 1427 2347 1512 ‘prompsisset

319 1520 385 1581 et
440 1516 736 1600 singulos
791 1516 918 1579 tibi
974 1516 1274 1580 denarios
1323 1516 1838 1600 adnumerasset,
1894 1537 2056 1599 quos
2100 1519 2176 1579 tu
2219 1536 2345 1600 pro

319 1603 596 1689 singulis
659 1602 894 1668 modiis
959 1603 1329 1668 aratoribus
1387 1604 1673 1669 solveres
1682 1655 1701 1688 ,
1766 1603 1920 1688 quid
1971 1603 2184 1669 facere
2238 1605 2346 1668 de-
2376 1623 2430 1664 15

317 1691 563 1756 buisti?
655 1689 752 1776 Si,
817 1668 990 1775 quod
1043 1690 1115 1754 L.
1150 1690 1303 1756 Piso
1367 1691 1482 1756 ille
1533 1691 1765 1779 Frugi,
1829 1693 1941 1776 qui
1994 1693 2206 1778 legem
2263 1692 2347 1757 de

317 1780 606 1866 pecuniis
653 1779 1027 1864 repetundis
1073 1779 1323 1864 primus
1369 1780 1543 1864 tulit,
1588 1801 1735 1845 cum
1783 1780 2068 1864 emisses,
2116 1781 2349 1864 quanti

321 1873 512 1953 esset,
559 1868 731 1953 quod
777 1872 1115 1953 superaret
1158 1868 1487 1952 pecuniae,
1532 1868 1926 1952 rettulisses3
1971 1869 2048 1951 81,
2092 1872 2166 1932 ut
2212 1890 2347 1933 am-

319 1957 546 2023 bitiosi
581 1957 879 2023 homines
918 1960 1033 2023 aut
1067 1952 1355 2043 benigni,
1397 1978 1542 2022 cum
1578 1956 1786 2041 pluris
1826 1959 2088 2022 senatus
2126 1960 2346 2021 aestu-

319 2049 590 2131 masset,
638 2067 832 2131 quam
870 2045 1098 2130 quanti
1144 2049 1317 2110 esset
1362 2065 1648 2129 annona,
1694 2065 1772 2109 ex
1818 2049 2081 2109 senatus
2127 2050 2436 2110 aestu-20

319 2134 607 2199 mat1one
615 2184 633 2218 ,
696 2156 830 2198 non
896 2155 973 2198 ex
1029 2153 1323 2198 annonae
1378 2134 1632 2198 ratione
1689 2133 2021 2217 solvisses3
2086 2134 2214 2217 8111,
2266 2138 2352 2199 ut

318 2222 611 2306 plerique
666 2221 944 2304 faciunt,
996 2221 1066 2284 in
1121 2241 1250 2304 quo
1297 2225 1441 2285 erat
1486 2221 1690 2305 aliqui
1734 2225 2070 2305 quaestus,
2125 2222 2239 2286 sed
2282 2222 2350 2287 is

318 2310 632 2374 honestus
679 2311 876 2391 atque
922 2328 1280 2391 concessae,
1328 2308 1747 2394 frumentum,
1793 2309 2100 2394 quoniam
2144 2309 2352 2375 vilius

320 2399 480 2479 erat,
524 2417 606 2459 ne
643 2396 929 2479 emisses,
977 2396 1365 2480 sumpsisses
1409 2397 1480 2461 id
1522 2417 1954 2483 nummorum,
2001 2397 2171 2483 quod
2216 2398 2355 2462 tibi

320 2487 585 2547 senatus
632 2483 835 2547 cellae
877 2483 1140 2547 nomine
1186 2490 1613 2550 concesserat.
2383 2505 2439 2547 25

214 2570 301 2635 85
451 2570 594 2636 Hoc
656 2592 810 2636 1810
877 2571 1033 2654 8111(1
1095 2573 1240 2638 est?
1313 2594 1508 2656 quam
1570 2574 1774 2638 habet
1826 2575 2145 2640 rationem
2209 2595 2357 2640 non

320 2681 561 2744 quaero
598 2659 967 2744 aequitatiS,
1013 2659 1126 2724 sed
1168 2660 1378 2745 ipsius
1422 2661 1867 2762 improbitatis
1915 2666 2111 2746 atque
2156 2662 2356 2747 inpu-

318 2748 618 2813 dentiae?
689 2747 918 2833 Neque
946 2748 1118 2812 enim
1147 2752 1248 2813 est
1272 2749 1410 2813 fere
1439 2750 1805 2833 quicquam,
1839 2751 2015 2852 quod
2040 2751 2353 2816 homines

315 2837 538 2922 1131318
573 2836 788 2901 facere
825 2835 1159 2902 audeant
1139 2858 1209 2900 111
1246 2837 1641 2922 magistratu
1679 2839 1976 2921 quamvis
2024 2838 2351 2923 improbe,

318 2926 474 3011 quin
528 2926 666 2990 eius
718 2924 880 2990 facti
934 2924 991 2989 si
1044 2945 1175 2989 non
1228 2925 1497 3009 bonam,
1552 2933 1623 2990 at
1682 2926 1972 3012 aliquam
2017 2927 2353 2992 rationem
2384 2946 2442 2987 80

213 3027 313 3077 196
353 3014 605 3079 adferre
652 3013 925 3078 soleant.
1003 3011 1148 3077 Hoc
1194 3012 1349 3098 quid
1395 3013 1539 3078 est?
1619 3012 1820 3078 Venit
1864 3015 2357 3099 praet013fru—

316 3106 625 3186 mentum,
658 3101 892 3186 inquit,
930 3121 1032 3165 me
1071 3101 1188 3165 abs
1224 3104 1293 3165 te
1331 3122 1540 3165 emere
1582 3106 1860 3186 oportet.
1912 3140 1987 3149 —-
2041 3065 2356 3187 Optume.

321 3224 399 3235 —
446 3189 732 3254 Denario
779 3188 1083 3254 modium.
1144 3224 1227 3235 —
1281 3188 1574 3275 Benigne
1621 3211 1696 3255 30
1741 3190 2133 3273 liberaliter3
2185 3211 2358 3255 nam

315 3296 436 3359 ego
483 3277 686 3340 ternis
727 3275 841 3342 Hs
886 3298 1020 3342 non
1063 3297 1334 3361 possum
1376 3277 1672 3343 vendere.
1723 3313 1801 3327 ·——-
1850 3278 2014 3343 Mihi
2059 3278 2360 3343 frumen-

314 3364 457 3424 tum
500 3383 633 3427 non
678 3385 840 3448 opus
887 3369 1014 3448 est,
1058 3386 1361 3430 nummos
1407 3366 1576 3431 volo.
1625 3402 1703 3413 —-
1753 3366 1927 3433 Nam
1975 3367 2359 3452 sperabam,
2389 3382 2442 3425 ³⁵

315 3444 526 3541 inquit
582 3454 829 3535 arator,
887 3473 991 3517 me
1047 3452 1128 3517 ad
1185 3453 1482 3519 (18831108
1536 3458 2028 3539 perventurum,
2086 3454 2230 3540 sed,
2291 3456 2361 3519 si

317 3528 414 3590 ita
465 3552 722 3599 necesse
768 3541 896 3621 est,
952 3540 1180 3622 quanti
1223 3541 1622 3608 frumentum
1669 3543 1785 3627 sit,
1840 3542 2195 3609 considera.
2259 3579 2355 3592 -—
