2566 4016
262 205 391 268 126
737 202 817 256 IN
855 202 913 257 C.
950 200 1261 255 VERREM
1297 200 1517 256 ACTIO
1553 199 1802 283 RRIMA.
1906 207 1911 212 '

259 349 504 414 multos
549 367 755 413 annos
799 347 1305 430 innocentesque
1347 348 1682 430 praetores
1721 344 1944 429 aliqua
1977 366 2057 410 ex
2092 350 2285 431 parte

156 450 221 497 13
257 436 536 503 recreari
625 434 973 520 aliquando
1054 455 1247 519 posse
1327 433 1640 499 videatur.
1755 432 1901 499 Hoc
1979 438 2282 518 praetore

260 523 461 592 Siculi
503 544 712 607 neque
757 544 908 624 suas
955 523 1134 609 leges
1171 543 1381 606 neque
1413 525 1647 589 nostra
1680 525 1942 623 senatus
1981 522 2284 588 consulta

257 613 1736 765 ffifflmmfflmmfflmfflr
1771 610 2339 768 ΨΜ

257 723 409 854 ξίιιιή
443 721 476 766 0
496 750 622 852 aut,
667 721 1206 871 qimprudentiam
1296 785 1695 872 subterfugit
1785 790 1901 851 aut
1989 788 2281 853 satietati

180 884 221 945 5
261 874 596 961 superfuit.
696 874 900 941 Nulla
963 896 1102 941 res·
1132 896 1248 960 per
1306 874 1661 939 triennium
1719 875 1847 939 nisi
1907 874 1990 939 ad
2047 880 2279 941 nutum

256 964 448 1029 istius
504 962 788 1028 iudicata
841 965 970 1047 est,
1012 964 1218 1028 ‘nulla
1268 984 1375 1027 res
1430 962 1808 1047 cuiusquam
1868 966 2007 1028 tam
2062 964 2282 1048 patria

260 1056 455 1135 atque
511 1050 689 1116 avita
741 1050 895 1135 fuit,
953 1072 1118 1136 quae
1172 1072 1305 1116 non
1361 1050 1444 1115 ab
1490 1072 1569 1115 eo
1613 1050 1888 1135 imperio
1930 1051 2123 1118 istius
2168 1054 2280 1117 ab·

257 1140 668 1206 iudicaretur.
737 1139 1251 1204 Innumerabiles
1288 1138 1597 1223 pecuniae
1626 1161 1704 1203 ex
1731 1143 2063 1205 aratorum
2089 1141 2279 1205 bonis
2312 1169 2371 1209 ιο

256 1250 429 1295 novo
481 1226 861 1311 nefarioque
905 1227 1210 1292 instituto
1257 1230 1547 1305 coactae,
1603 1227 1761 1292 socii
1805 1227 2168 1293 fidelissimi
2209 1229 2284 1294 in

256 1316 549 1381 hostium
590 1337 861 1380 numero
907 1315 1281 1400 existimati,
1326 1315 1500 1381 cives
1539 1314 1820 1380 Romani
1865 1316 2168 1382 servilem
2211 1318 2283 1382 in

259 1404 523 1469 modum
551 1403 821 1468 cruciati
849 1407 915 1467 et
940 1403 1173 1487 necati,
1208 1404 1506 1468 homines
1531 1404 1976 1470 nocentissimi
2012 1408 2285 1490 propter

258 1491 565 1577 pecunias
610 1489 847 1555 iudicio
893 1491 1176 1573 liberati,
1219 1490 1668 1557 honestissimi
1714 1496 1908 1576 atque
1944 1492 2284 1579 integerri-

258 1579 351 1644 mi
407 1579 712 1643 absentes
762 1578 861 1642 rei
902 1578 1062 1644 facti
1105 1578 1352 1644 indicta
1395 1601 1592 1646 causa
1634 1580 1927 1645 damnati
1963 1584 2030 1645 et
2075 1581 2282 1667 eiecti,
2310 1608 2367 1649 1⁶

257 1670 487 1752 portus
515 1666 951 1749 munitissimi,
979 1668 1298 1732 maximae
1323 1668 1819 1752 tutissimaeque
1834 1669 2027 1733 urbes
2046 1670 2282 1754 piratis

257 1754 819 1840 praedonibusque
838 1754 1221 1840 patefactae,
1252 1759 1492 1821 nautae
1510 1756 1883 1840 militesque
1898 1754 2279 1843 Siculorum,

260 1843 419 1908 socii
462 1844 673 1908 nostri
719 1847 915 1927 atque
962 1843 1172 1929 amici,
1215 1843 1391 1909 fame
1433 1845 1669 1927 necati,
1713 1845 1955 1910 classes
1993 1846 2282 1931 optimae

260 1935 456 2017 atque
511 1932 1057 2017 oportunissimae
1120 1953 1267 1998 cum
1329 1952 1571 2020 magna
1632 1932 1992 2020 ignominia
2051 1936 2281 2020 populi

155 2040 223 2088 14
257 2019 538 2086 Romam
574 2022 852 2086 amissae
890 2025 957 2086 et
991 2020 1302 2106 perditae.
1372 2019 1555 2086 Idem
1589 2022 1715 2086 iste
1749 2027 2014 2107 praetor
2057 2045 2281 2088 monu·
2307 2052 2366 2091 20

156 3180 220 3230 15

258 2112 479 2174 menta
538 2109 994 2193 antiquissima
1037 2109 1281 2194 partim
1327 2130 1555 2195 regum
1600 2111 2276 2196 locupletissimorum,

259 2218 425 2280 quae
488 2196 591 2260 illi
646 2199 1025 2265 ornamento
1079 2196 1351 2261 urbibus
1399 2219 1540 2262 esse
1601 2199 1974 2283 voluerunt,
2035 2200 2279 2284 partim

259 2284 457 2349 etiam
484 2287 860 2348 nostrorum
886 2284 1372 2369 imperatorum,
1405 2307 1569 2369 quae
1597 2286 1875 2352 victores
1903 2287 2281 2353 civitatibus

259 2369 493 2435 Siculis
528 2374 644 2434 aut
688 2371 999 2435 dederunt
1035 2376 1151 2437 aut
1175 2373 1609 2457 reddiderunt,
1647 2375 1957 2459 spoliavit
1982 2377 2277 2442 nudavit-

261 2478 385 2542 que
413 2458 647 2522 omnia.
700 2457 928 2543 Neque
963 2460 1087 2525 hoc
1125 2461 1337 2525 solum
1373 2460 1442 2525 in
1467 2463 1714 2526 statuis
1753 2464 2278 2549 ornamentisque
2306 2491 2363 2532 ss

257 2544 536 2630 publicis
563 2545 737 2631 fecit,
767 2547 879 2611 sed
906 2547 1105 2613 etiam
1135 2549 1408 2614 delubra
1434 2550 1651 2616 omnia
1680 2552 2107 2616 sanctissimis
2133 2554 2281 2618 reli-

260 2633 563 2720 gionibus
632 2640 1008 2701 consecrata
1070 2637 1489 2721 depeculatus
1554 2642 1681 2722 est,
1745 2639 1933 2703 deum
2007 2640 2281 2726 denique

256 2723 509 2787 nullum
539 2721 795 2808 Siculis,
822 2725 934 2808 qui
962 2724 1022 2788 ei
1047 2725 1245 2809 paulo
1275 2725 1488 2810 magis
1516 2726 1761 2791 affabre
1786 2731 1980 2812 atque
2009 2729 2281 2814 antiquo

260 2811 533 2876 artificio
577 2810 796 2877 factus
836 2812 1179 2896 videretur,
1222 2813 1505 2898 reliquit.
1582 2813 1674 2878 In
1720 2815 1965 2900 stupris
2009 2837 2165 2883 vero
2212 2821 2282 2882 et

257 2899 528 2985 flagitiis
582 2899 865 2964 nefarias
931 2900 1067 2964 eius
1124 2901 1425 2966 libidines
1486 2923 1990 2968 commemorare
2034 2905 2281 2989 pudore
2307 2930 2368 2972 so

260 2987 614 3070 deterreor3
674 2987 870 3052 simul
915 2987 1180 3053 illorum
1226 2990 1670 3055 calamitatem
1715 2994 2282 3058 commemorando

259 3075 1006 3248 {tgissffiussffiss'afflss'ss
1040 3077 1952 3232 lssssirsffrvfissffuffiqfissiffl
1978 3080 2284 3234 {ssssegffi

260 3250 430 3315 enim
475 3251 636 3315 haec
681 3251 778 3316 ita
822 3252 1170 3317 commissa
1216 3257 1368 3318 sunt
1413 3254 1497 3318 ab
1542 3254 1691 3338 ist0,
1737 3259 1813 3320 ut
1846 3277 1979 3320 non
2015 3257 2284 3342 cognita

260 3338 393 3401 sint
454 3338 537 3402 ab
596 3340 914 3405 omnibus.
1003 3339 1354 3406 Hominem
1408 3363 1548 3407 esse
1603 3343 1890 3408 arbitror
1938 3345 2283 3429 neminem,
2310 3369 2366 3412 ss

262 3425 374 3508 qui
416 3445 654 3490 nomen
687 3427 879 3491 istius
917 3428 1210 3513 audierit,
1255 3429 1413 3513 quin
1447 3429 1624 3494 facta
1660 3452 1915 3515 quoque
1943 3433 2080 3497 eius
2107 3433 2284 3498 nefa-

260 3511 361 3575 ria
407 3532 910 3580 commemorare
950 3516 1178 3600 possit,
1222 3521 1301 3581 ut
1335 3517 1497 3581 mihi
1533 3518 1744 3604 magis
1780 3520 2139 3585 timendum
2177 3523 2286 3605 sit,
