2566 4016
283 177 415 242 270
867 175 947 229 IN
983 174 1041 231 C.
1080 174 1390 230 VERREM
1426 174 1584 229 ACT.
1624 174 1690 227 H.

283 320 552 386 alterius
605 320 1010 403 impudentia
1059 319 1160 384 sui
1205 318 1474 404 pudoris
1521 316 2066 382 existimationem
2115 317 2315 386 amit-

279 412 512 474 terent.
609 407 828 473 Liberi
891 408 1063 472 enim
1127 407 1208 472 ad
1273 427 1504 471 causas
1573 405 1898 489 solutique
1951 403 2317 471 veniebant

279 518 488 581 neque
533 495 1045 579 summittebant,
1087 499 1180 579 ut,
1227 495 1285 559 si
1331 493 1739 579 impudentes
1784 493 1855 557 in
1901 490 2311 558 defendendo

284 604 425 650 esse
476 585 868 669 noluissent,
923 583 1171 670 ingrati
1222 582 1295 648 in
1353 582 1699 647 deserendo
1756 580 2314 646 existimarentur.

806 1076 902 1149 Μ.
953 1074 1238 1148 TULLI
1293 1070 1790 1148 CICERONIS

336 1236 812 1327 ACTIONIS
874 1239 989 1324 IN
1054 1238 1141 1325 O.
1197 1237 1638 1326 VERREM
1703 1226 2289 1321 SECUNDAE

598 1406 864 1471 LIBER
910 1404 1286 1471 TERTIUS
1331 1405 1449 1470 DE
1494 1401 1996 1469 FRUMENTO.

1188 1565 1404 1575 ..ι-

894 1682 1704 1750 ARGUMENTUM.

428 1805 538 1861 Hie
579 1804 725 1862 liber
748 1804 941 1861 Verris
982 1805 1136 1859 furta
1178 1805 1240 1859 in
1286 1805 1441 1859 omni
1483 1804 1753 1859 frumenti
1794 1820 1999 1874 genere
2037 1804 2311 1860 eontinet.

286 1876 576 1932 Frumenti
618 1880 832 1946 autem,
881 1876 1033 1945 quod
1074 1878 1303 1947 praetor
1349 1875 1551 1931 Siculis
1599 1876 1670 1929 ab
1718 1875 2033 1930 aratoribus
2081 1875 2312 1946 exigere

286 1951 512 2020 poterat
540 1950 597 2003 et
634 1949 891 2016 debebat,
929 1950 1051 2002 erat
1085 1947 1331 2018 primum
1367 1946 1829 2015 decumanum,
1868 1946 2018 2015 quod
2054 1948 2311 2001 aratores

285 2037 389 2090 pro
436 2021 587 2090 agris
633 2020 747 2074 suis
793 2020 993 2088 cuique
1026 2019 1313 2074 attributis
1352 2018 1590 2086 dabant,
1637 2017 1877 2071 alterum
1911 2017 2038 2087 lege
2075 2017 2315 2086 Rupilia

289 2094 440 2145 certo
485 2091 667 2160 pretio
710 2093 1019 2160 emptum.
1093 2089 1160 2143 Id
1205 2090 1328 2144 erat
1372 2088 1466 2143 vel
1502 2089 1942 2142 decumanum
1986 2087 2311 2155 alterum,

288 2161 389 2215 cui
421 2161 669 2232 pretium
703 2162 826 2215 erat
850 2177 897 2241 ‚a
934 2162 1131 2241 senatu
1165 2159 1364 2228 populi
1398 2159 1559 2212 Rom.
1589 2158 1958 2241 constitutum
1991 2158 2053 2211 in
2087 2157 2311 2238 modios

286 2230 672 2356 {fflssssnffs
694 2228 1157 2380 5335&ssss
1164 2227 2310 2379 ?suz33.³3²’255;.?}.q331¹322m.13222⁸133

289 2388 320 2425 e
345 2371 473 2438 lege
501 2369 766 2422 Terentia
800 2369 860 2423 et
887 2367 1081 2422 Cassia
1114 2367 1499 2436 frumentum,
1537 2371 1749 2436 quanta
1782 2369 2053 2439 pecuniae
2091 2384 2311 2423 summa

286 2441 349 2494 in
392 2441 690 2506 utrumque
727 2437 938 2507 empti
974 2453 1151 2506 genus
1189 2454 1259 2492 ex
1295 2438 1512 2492 aerario
1548 2439 1980 2508 impenderetur.
2055 2438 2312 2493 Tertium

290 2511 414 2564 erat
458 2508 894 2563 aestimatum
937 2508 1005 2562 in
1051 2508 1320 2578 cellam,
1368 2509 1519 2577 quod
1564 2526 1634 2564 ex
1678 2513 1904 2565 senatus
1951 2509 2207 2566 consulto
2251 2510 2312 2563 et

287 2579 509 2651 legibus
552 2578 802 2650 praetori
845 2579 906 2633 in
952 2579 1153 2633 cellam
1200 2579 1276 2633 ad
1311 2597 1446 2634 usus
1484 2596 1613 2634 suos
1649 2580 2047 2650 imperabatur.
2120 2579 2312 2637 Dabat

290 2653 517 2707 senatus
554 2649 839 2719 quaestori
874 2648 1152 2719 praetoris
1191 2652 1406 2704 certam
1441 2667 1511 2704 ex
1548 2651 1762 2704 aerario
1798 2651 2122 2721 pecuniam,
2160 2650 2308 2704 unde

290 2723 362 2777 ab
392 2721 707 2777 aratoribus
736 2722 962 2790 emeret,
1000 2723 1059 2775 et
1084 2720 1312 2789 quidem
1337 2720 1590 2791 modium
1622 2720 1800 2775 tritici
1825 2720 1917 2774 HS
1954 2721 2077 2791 ΠΗ,
2111 2719 2312 2775 hordei

291 2796 483 2848 autem
534 2793 626 2846 HS
674 2791 742 2846 H.
834 2791 1000 2846 Illam
1060 2791 1360 2861 pecuniam
1422 2791 1738 2845 aratoribus
1793 2792 2199 2846 adnumerabat
2253 2792 2313 2845 et

290 2865 493 2918 deinde
550 2864 893 2917 frumentum
946 2863 1280 2929 vehebatur,
1341 2878 1451 2929 quo
1506 2861 1750 2916 volebat.
1834 2862 2068 2917 Licebat
2119 2862 2311 2925 autem

287 2934 540 3005 praetori
563 2936 784 2989 tantam
810 2933 1125 3003 pecuniam,
1153 2934 1424 3000 quantam
1453 2948 1692 2999 aequum
1719 2934 1855 3001 erat,
1894 2933 1966 2987 ab
1996 2929 2308 2997 aratoribus

328 3022 391 3059 ro
436 3006 719 3060 frumento
765 3006 823 3058 et
865 3005 1097 3058 vectura
1140 3002 1368 3072 pacisci.
1440 3002 1562 3056 Iam
1605 3001 1851 3072 primum
1897 3018 1932 3055 a
1968 3020 2013 3058 o.
2054 3010 2085 3058 6
2131 3001 2204 3055 ad
2243 3006 2310 3056 70

343 3077 515 3130 audes
552 3078 611 3130 et
644 3075 797 3128 furta
822 3074 1012 3129 Verris
1048 3073 1109 3127 in
1146 3073 1483 3142 decumano,
1523 3089 1559 3126 a
1594 3088 1640 3127 e.
1683 3078 1752 3129 ⁷0
1790 3073 1863 3126 ad
1898 3078 1964 3128 81
2005 3073 2066 3127 in
2103 3072 2309 3141 empto,

290 3146 491 3201 deinde
527 3146 587 3200 in
624 3144 925 3199 aestimato
965 3143 1226 3198 ostendit.

136 3296 154 3302 ’
221 3269 258 3390 ἒ
330 3391 343 3403 ·
422 3305 688 3388 Omnes,
742 3304 855 3388 qui
901 3306 1208 3388 alterum,
1252 3303 1523 3386 iudices,
1565 3276 1766 3368 nullis
1812 3304 2059 3388 inpulsi
2101 3302 2309 3368 inimi-

290 3391 488 3473 citiis,
531 3392 717 3455 nulla
758 3392 1068 3475 privatim
1113 3391 1277 3456 laesi
1321 3391 1584 3473 iniuria,
1629 3389 1813 3456 nullo
1860 3392 2153 3475 praemio
2201 3391 2309 3455 ad.

290 3474 465 3536 ducti
499 3477 571 3538 in
604 3478 910 3542 iudicium
947 3479 1043 3542 rei
1083 3478 1384 3561 publicae
1430 3498 1625 3541 eausa
1672 3482 1926 3560 vocant,
1971 3478 2309 3562 providere
