2566 4016
880 204 1036 262 CAP.
1073 212 1213 262 4-6
1250 211 1283 272 ς
1320 213 1544 262 12—17.
2109 207 2235 271 127

216 371 300 414 ne
343 349 555 414 multa
599 348 873 414 crimina
907 350 1425 434 praetermittere
1453 372 1650 435 quam
1675 372 1759 416 ne
1786 373 1915 435 qua
1939 351 2010 416 in
2035 352 2235 417 istum

215 439 460 523 fingere
524 436 872 502 existimer.
979 436 1206 522 Neque
1272 438 1446 504 enim
1517 438 1680 503 mihi
1751 438 2005 504 videtur
2076 439 2236 505 haec

214 524 584 608 multitudo,
621 547 785 609 quae
823 526 905 590 ad
942 526 1329 591 audiendum
1367 527 1687 612 convenit,
1732 548 2121 612 cognoscere
2155 550 2236 593 ex

213 636 318 679 me
372 634 636 679 causam
688 614 1002 697 voluisse,
1066 614 1178 679 sed
1232 636 1337 699 ea,
1401 635 1564 698 quae
1621 615 1770 699 scit,
1832 636 2084 680 mecum
2141 636 2236 680 re-

155 721 183 762 5
211 723 619 789 cognoscere.

348 790 530 865 Quae
584 812 729 855 cum
782 790 882 854 ita
926 790 1086 875 sint,
1137 790 1264 855 iste
1309 791 1507 857 homo
1553 811 1777 856 amens
1823 813 1898 857 ac
1942 791 2233 877 perditus
2272 790 2314 853 6

212 878 348 944 alia
392 900 645 943 mecum
688 878 944 943 ratione
988 883 1269 965 pugnat3
1323 900 1455 944 non
1499 879 1567 943 id
1612 880 1779 965 agit,
1834 884 1910 944 ut
1963 880 2234 945 alicuius

209 966 654 1050 eloquentiam
681 966 845 1030 mihi
882 971 1198 1051 opponat3
1233 989 1366 1033 non
1405 967 1639 1054 gratia,
1677 989 1810 1032 non
1847 968 2235 1033 auctoritate

212 1056 613 1138 cuiusquam,
655 1075 789 1119 non
822 1054 1118 1139 potentia
1153 1056 1404 1120 nititur.
1425 1055 1438 1072 ‘
1479 1054 1761 1121 Simulat
1795 1055 1899 1119 his
1937 1076 2006 1120 se
2041 1057 2233 1122 rebus
2328 1063 2343 1067 ἢ

129 1165 181 1203 ιο
215 1143 563 1226 confidere,
634 1141 747 1207 sed
817 1142 1033 1226 video,
1105 1143 1260 1227 quid
1332 1147 1516 1229 agat3
1585 1165 1795 1227 neque
1857 1143 2029 1207 enim
2093 1144 2235 1230 agit

212 1230 678 1314 occultissime3
721 1231 1032 1315 proponit
1076 1230 1298 1296 inania
1341 1231 1504 1296 mihi
1541 1231 1929 1314 nobilitatis,
1973 1230 2096 1296 hoc
2134 1234 2237 1294 est

208 1319 552 1384 hominum
622 1319 1101 1404 arrogantium,
1169 1320 1463 1402 nomina,
1535 1319 1648 1403 qui
1714 1340 1848 1384 non
1919 1321 2058 1383 tam
2130 1340 2234 1384 me

210 1407 602 1493 impediunt,
658 1407 831 1491 quod
874 1407 1129 1472 nobiles
1185 1411 1364 1491 sunt,
1419 1428 1615 1491 quam
1669 1407 2005 1491 adiuvant,
2060 1407 2233 1491 quod

209 1496 355 1561 noti
394 1499 564 1559 sunt.
636 1493 917 1560 Simulat
952 1517 1021 1559 se
1068 1517 1291 1561 eorum
1336 1495 1659 1581 praesidio
1706 1497 2042 1581 confidere,
2087 1518 2232 1561 cum

125 1601 182 1643 15
211 1583 465 1649 interea
527 1583 706 1649 aliud
767 1583 1075 1684 quiddam
1134 1584 1269 1649 iam
1333 1583 1443 1648 diu
1501 1584 1923 1650 machinetur.
2023 1584 2233 1661 Quam
2273 1606 2339 1654 16

214 1694 398 1757 spem
419 1693 590 1737 nunc
616 1672 903 1736 habeat
883 1694 955 1736 in
980 1672 1281 1737 manibus
1311 1676 1377 1737 et
1406 1672 1561 1756 quid
1587 1673 1912 1756 moliatur,
1949 1674 2236 1738 breviter

210 1761 373 1844 iam,
426 1760 696 1844 iudices,
749 1759 936 1824 vobis
983 1781 1328 1861 exponam3
1370 1760 1486 1825 sed
1528 1761 1739 1845 prius,
1793 1764 1869 1825 ut
1913 1760 1997 1824 ab
2043 1760 2231 1823 initio

212 1871 316 1914 res
364 1849 447 1913 ab
494 1870 570 1913 eo
616 1847 977 1913 constituta
1021 1849 1136 1932 sit,
1180 1870 1441 1932 quaeso,
1485 1848 1874 1932 cognoscite.

345 1936 443 2002 Ut
476 1936 760 2023 primum
796 1958 832 2000 e
868 1936 1206 2022 provincia
1237 1936 1450 2018 rediit,
1494 1935 1852 2020 redemptio
1894 1938 1995 1999 est
2038 1933 2232 1999 huius

130 2045 186 2085 so
212 2026 435 2092 iudicii
494 2025 673 2090 facta
736 2025 967 2112 grandi
1028 2025 1318 2110 pecunia.
1419 2023 1666 2088 Mansit
1726 2023 1798 2087 ιιι
1859 2022 2232 2089 condicione

214 2118 411 2199 atque
454 2118 648 2199 pacto
692 2136 897 2198 usque
943 2112 1024 2178 ad
1070 2134 1217 2178 eum
1260 2112 1477 2196 finem,
1526 2111 1679 2175 dum
1722 2110 1964 2175 iudices
2009 2111 2234 2176 reiecti

215 2206 387 2268 sunt.
481 2201 920 2286 Posteaquam
971 2201 1234 2266 reiectio
1294 2200 1577 2265 iudicum
1639 2199 1814 2265 facta
1869 2203 1997 2283 est,
2059 2199 2234 2283 quod

214 2295 283 2356 et
335 2291 407 2356 in
459 2291 800 2356 sortitione
853 2289 1045 2354 istius
1101 2311 1287 2375 spem
1345 2288 1612 2354 fortuna
1671 2287 1900 2374 populi
1952 2287 2234 2354 Romani

214 2384 283 2445 et
362 2379 432 2443 in
511 2378 849 2444 reiciendis
922 2377 1238 2444 iudicibus
1311 2399 1458 2443 mea
1536 2377 1877 2463 diligentia
1955 2377 2233 2444 istorum

128 2485 187 2526 25
215 2467 685 2553 impudentiam
754 2467 1026 2550 vicerat,
1098 2466 1474 2531 renuntiata
1543 2470 1646 2530 est
1715 2469 1861 2531 tota
1922 2466 2231 2533 condicio.

213 2556 556 2621 Praeclare
602 2577 674 2620 se
715 2577 820 2620 res
865 2555 1179 2638 habebat3
1231 2554 1444 2619 libelli
1486 2553 1822 2619 nominum
1864 2559 2233 2620 vestrorum
2274 2576 2339 2623 17

216 2645 597 2728 consiliique
623 2644 815 2709 huius
842 2643 913 2707 in
939 2642 1239 2708 manibus
1276 2646 1463 2708 erant
1500 2642 1815 2725 omnium3
1850 2643 2035 2707 nulla
2058 2645 2234 2723 nota,

212 2733 436 2798 nullus
491 2732 697 2817 color,
750 2731 971 2797 nullae
1026 2731 1248 2796 sordes
1302 2730 1689 2796 videbantur
1741 2730 1845 2795 his
1893 2729 2232 2795 sententiis

216 2821 403 2885 allini
455 2842 674 2905 posse,
729 2842 874 2886 cum
927 2819 1054 2884 iste
1108 2823 1375 2905 repente
1431 2840 1508 2883 ex
1562 2818 1763 2883 alacri
1816 2821 2013 2903 afflue
2057 2817 2232 2881 laeto

130 2926 188 2967 ³⁰
216 2909 310 2975 sic
356 2913 499 2973 erat
542 2908 809 2973 humilis
839 2912 1052 2992 atque
1098 2908 1435 2990 demissus,
1478 2908 1555 2981 ut
1592 2927 1725 2971 non
1760 2906 1953 2971 modo
1988 2904 2233 2990 populo

213 2997 538 3081 Romam,
592 2997 705 3062 sed
758 2997 956 3062 etiam
1012 2995 1138 3060 sibi
1195 2996 1337 3080 ipse
1383 2994 1846 3061 condemnatus
1892 2993 2235 3059 videretur.

212 3084 384 3151 Ecce
438 3089 658 3151 autem
709 3089 974 3171 repente
1029 3083 1136 3148 his
1182 3084 1406 3150 diebus
1459 3082 1684 3169 paucis
1740 3081 2020 3147 comitiis
2085 3102 2232 3145 con·

214 3174 542 3240 sularibus
604 3173 797 3239 factis
862 3173 1089 3239 eadem
1149 3171 1269 3237 illa
1329 3175 1551 3238 vetera
1621 3170 1901 3235 consilia
1963 3168 2237 3254 p'ecum‘a

213 3262 461 3328 maiore
506 3265 907 3347 repetuntur,
952 3261 1340 3345 eaedemque
1385 3263 1642 3326 vestrae
1677 3258 1891 3322 famae
1927 3256 2232 3322 fortunis·

130 3365 186 3405 ⁸⁵
215 3372 340 3435 que
370 3351 660 3416 omnium
687 3349 959 3415 insidiae
985 3371 1103 3434 per
1131 3348 1391 3415 eosdem
1426 3347 1720 3412 homines
1757 3349 2233 3430 comparantur.

214 3438 394 3512 Quae
452 3460 558 3504 res
620 3439 862 3524 primo,
918 3437 1187 3522 iudices,
1248 3435 1545 3522 pertenui
1606 3434 1796 3499 nobis
1850 3439 2234 3521 argumento

214 3525 578 3613 indicioque
601 3526 933 3612 patefacta
959 3529 1087 3610 est3
1112 3528 1267 3611 post
1294 3527 1522 3610 aperto
1551 3522 1934 3608 suspicionis
1961 3523 2234 3589 introitu
