2566 4016
699 236 831 290 ΜΒ.
873 237 898 291 1
980 236 1134 292 CAP.
1174 244 1381 293 39—41
1423 246 1453 305 ς
1495 246 1787 296 101—106.
2126 244 2253 308 179

231 384 309 446 ut
352 382 618 464 praetor
658 378 872 445 factus
920 385 1038 464 est,
1084 382 1195 466 qui
1242 383 1577 467 auspicato
1626 405 1665 448 a
1711 382 2063 452 Chelidone
2113 409 2252 453 sur-

233 468 535 551 rexisset,
583 471 826 533 sortem
868 476 1095 534 nactus
1144 475 1243 534 est
1289 472 1576 536 urbanae
1621 473 1992 556 provinciae
2038 477 2251 561 magis

234 578 312 621 ex
362 578 479 622 sua
520 553 1021 641 Chelidonisque
1069 580 1263 641 quam
1313 581 1389 623 ex
1433 559 1661 644 populi
1705 559 1984 625 Romani
2028 564 2252 628 volun·

232 649 390 709 tate.
455 642 579 718 Qui
606 644 923 729 principio
954 646 1165 729 qualis
1195 648 1264 711 in
1301 647 1509 712 edicto
1547 648 1999 714 constituendo
2035 648 2252 734 fuerit,

175 750 205 790 ⁵
234 732 626 818 cognoscite.

366 818 439 885 P.
475 819 730 884 Annius
769 821 1041 890 Asellus
1089 826 1385 888 mortuus
1433 827 1534 888 est
1571 822 1639 889 C.
1679 822 2023 891 Sacerdote
2068 848 2250 909 prae·
2268 835 2350 898 41

231 913 394 974 tore.
466 907 533 972 Is
563 930 709 973 cum
734 908 1006 974 haberet
1033 910 1290 975 unicam
1317 911 1523 976 filiam
1550 933 1758 996 neque
1797 935 2023 979 census
2062 919 2252 998 esset,

234 997 408 1081 quod
460 1000 697 1061 natura
751 996 1165 1081 hortabatur,
1219 1000 1323 1063 lex
1377 1000 1561 1064 nulla
1605 1001 2024 1085 prohibebat,
2079 1002 2251 1085 fecit,

231 1089 308 1150 ut
360 1084 565 1149 filiam
616 1084 806 1150 bonis
853 1085 987 1149 suis
1033 1085 1336 1151 heredem
1380 1088 1772 1153 institueret.
1855 1087 2062 1154 Heres
2110 1095 2251 1155 erat

137 1191 206 1251 ,ιο
232 1173 388 1239 filia.
488 1171 842 1238 Faciebant
896 1174 1115 1238 omnia
1169 1196 1317 1238 cum
1370 1176 1651 1260 pupilla,
1714 1176 1880 1262 legis
1938 1178 2251 1260 aequitas,

231 1261 538 1326 voluntas
602 1261 837 1346 patris,
902 1261 1112 1326 edicta
1173 1267 1575 1348 praetorum,
1640 1264 2035 1329 consuetudo
2089 1265 2249 1330 iuris

233 1351 389 1433 eiuS,
441 1348 616 1433 quod
660 1353 802 1414 erat
845 1353 1004 1433 tum,
1051 1372 1198 1414 cum
1226 1351 1490 1415 Asellus
1537 1355 1638 1415 est
1683 1356 1996 1417 mortuus
2077 1351 2212 1417 Iste
2253 1366 2353 1416 105

232 1441 497 1523 praetor
562 1437 937 1522 designatus
1000 1435 1247 1522 (utrum
1312 1438 1680 1506 admonitus
1746 1463 1831 1505 an
1887 1444 2248 1527 temptatus

233 1549 343 1609 an,
399 1548 529 1608 qua
583 1530 682 1589 est
734 1526 874 1610 ipse
931 1527 1290 1611 sagacitate
1343 1528 1414 1591 in
1466 1527 1570 1592 his
1624 1528 1846 1614 rebus,
1901 1530 2040 1594 sine
2090 1529 2248 1596 duce

151 1631 204 1671 1⁵
233 1615 398 1698 ullo,
464 1614 600 1678 sine
663 1613 871 1679 indice
932 1616 1301 1697 pervenerit
1365 1617 1446 1681 ad
1508 1616 1677 1682 hane
1739 1618 2249 1703 improbitatem,

231 1703 478 1785 nesci03
539 1723 657 1766 vos
720 1704 978 1766 tantum
1038 1703 1322 1767 hominis
1379 1704 1715 1770 audaciam
1770 1707 2248 1790 amentiamque

232 1788 636 1875 cognoscite)
685 1790 976 1874 appellat
1021 1791 1325 1856 heredem
1359 1790 1431 1855 L.
1460 1792 1766 1876 Annium,
1813 1794 1924 1877 qui
1970 1797 2110 1858 erat
2156 1795 2249 1857 in·

235 1879 507 1943 stitutus
549 1878 896 1943 secundum
942 1878 1147 1944 filiam
1194 1879 1355 1962 (non
1401 1879 1571 1943 enim
1618 1880 1781 1944 mihi
1823 1881 2250 1964 persuadetur

232 1967 437 2031 istum
474 1967 555 2031 ab
591 1966 710 2032 illo
746 1967 926 2052 prius
971 1965 1430 2052 appellatum);
1477 1966 1631 2032 dicit
1669 1989 1736 2032 se
1773 1988 1965 2053 posse
2004 1969 2062 2033 ei
2105 1991 2249 2034 con·

147 2075 205 2116 20
234 2056 474 2120 donare
502 2056 710 2121 edicto
743 2055 1193 2138 hereditatem,
1230 2055 1416 2120 docet
1450 2055 1798 2139 hominem,
1836 2056 1991 2139 quid
2025 2063 2249 2141 posset

231 2144 390 2210 fieri.
479 2142 591 2208 Illi
645 2144 817 2209 bona
870 2165 1001 2227 res,
1045 2144 1196 2208 huic
1250 2143 1593 2208 vendibilis
1650 2144 2004 2209 videbatur.
2095 2144 2248 2230 Iste,

230 2232 498 2298 tametsi
527 2232 845 2317 singulari
865 2236 966 2297 est
994 2232 1277 2315 audacia,
1304 2236 1524 2297 tamen
1545 2232 1625 2297 ad
1652 2232 1942 2317 pupillae
1971 2237 2248 2299 matrem

234 2319 717 2404 summittebat3
788 2321 1077 2385 malebat
1148 2320 1489 2406 pecuniam
1563 2321 1878 2406 accipere,
1947 2343 2029 2386 ne
2093 2323 2248 2407 quid

231 2410 386 2475 novi
439 2408 744 2491 ediceret,
799 2430 993 2492 quam
1047 2412 1121 2472 ut
1173 2409 1299 2474 hoc
1352 2408 1631 2475 edictum
1686 2413 1826 2474 tam
1876 2410 2248 2497 improbum

148 2515 203 2557 26
233 2501 301 2561 et
352 2502 491 2562 tam
534 2496 960 2561 inhumanum
1006 2495 1464 2580 interponeret.
1553 2497 1828 2562 Tutores
1873 2500 2213 2582 pecuniam
2253 2520 2353 2571 106

231 2585 520 2671 praetori
568 2585 624 2649 si
668 2585 958 2669 pupillae
1001 2585 1264 2649 nomine
1311 2585 1663 2669 dedissent,
1711 2587 2023 2672 grandem
2067 2611 2249 2672 prae—

233 2673 480 2754 sertim,
517 2694 706 2755 quem
746 2673 826 2738 ad
865 2673 1126 2737 modum
1163 2672 1233 2736 in
1267 2673 1590 2740 rationem
1626 2673 2018 2757 inducerent,
2057 2697 2248 2758 quem

236 2759 320 2824 ad
367 2759 628 2823 modum
674 2762 811 2826 sine
856 2760 1144 2846 periculo
1192 2782 1310 2825 suo
1357 2761 1508 2826 dare
1554 2767 1849 2846 possent,
1900 2784 2035 2827 non
2077 2761 2248 2826 vide-

232 2848 425 2930 bant3
473 2848 664 2912 simul
703 2853 770 2914 et
802 2849 1003 2913 istum
1042 2848 1183 2913 fore
1229 2852 1368 2914 tam
1412 2849 1760 2933 inprobum
1805 2871 1935 2914 non
1974 2850 2251 2914 arbitra-

146 2957 202 2997 30
232 2937 499 3021 bantur3
555 2958 747 3022 saepe
794 2937 1109 3022 appellati
1155 2941 1690 3023 pernegaverunt.
1768 2938 1904 3001 Iste
1951 2936 2032 3001 ad
2080 2936 2248 3000 arbi-

229 3026 429 3091 trium
495 3026 662 3109 eius,
724 3026 826 3091 cui
891 3024 1299 3090 condonabat
1363 3024 1792 3089 hereditatem
1855 3027 2145 3107 ereptam
2211 3046 2250 3088 a

229 3113 482 3198 liberis,
540 3134 735 3198 quam
793 3135 1069 3197 aequum
1126 3112 1403 3178 edictum
1452 3111 1934 3196 conscripserit,
1992 3133 2250 3197 quaeso,

229 3202 619 3288 cognoscite.
712 3199 864 3266 Onu
918 3217 1370 3265 mTELLEGAM
1423 3218 1663 3265 LEGEM
1708 3198 2089 3265 VocoNIAM
2150 3236 2249 3265 —.

162 3365 187 3376 ν
229 3289 386 3366 Quis
424 3311 735 3375 umquam
782 3289 1069 3354 crederet
1115 3289 1459 3353 mulierum
1507 3287 1945 3353 adversarium
1974 3287 2249 3353 Verrem

143 3395 198 3438 ³5
226 3378 567 3445 futurum?
634 3400 718 3442 an
782 3377 925 3442 ideo
991 3377 1236 3461 aliquid
1293 3380 1519 3442 contra
1574 3376 1875 3440 mulieres
1931 3374 2113 3461 fecit,
2166 3398 2249 3442 ne

227 3471 444 3532 totum
502 3466 786 3533 edictum
839 3466 921 3530 ad
967 3463 1342 3530 Chelidonis
1400 3464 1743 3553 arbitrium
1799 3464 2114 3549 scriptum
2159 3465 2249 3530 vi-

231 3554 534 3620 deretur?
599 3553 959 3639 Cupiditati
994 3553 1330 3618 hominum
1358 3552 1464 3623 ,ait
1502 3575 1569 3619 se
1609 3551 1867 3619 obviam
1905 3553 2017 3620 ire.
2092 3553 2250 3629 Quis

1720 3655 1826 3711 12*
