2566 4016
627 235 644 253 ι
702 208 836 263 LIB.
866 209 917 263 V
982 208 1137 264 CAP.
1175 214 1384 264 57-59
1423 215 1453 276 g
1493 215 1789 266 148—154.
2114 210 2249 277 485

236 352 461 417 misit?
517 374 643 437 quo
698 352 837 417 iure
881 351 1139 417 fecisti?
1196 352 1340 436 quis
1386 351 1558 417 idem
1601 351 1801 417 fecit?
1858 354 1968 438 qui
2011 355 2135 420 tibi
2179 355 2248 421 id

236 441 446 506 facere
509 440 738 506 licuit?
836 438 1076 506 Forum
1131 441 1397 524 plenum
1453 444 1519 504 et
1574 440 1879 505 basilicas
1934 442 2209 508 istorum
2250 458 2351 509 152

236 529 572 595 hominum
617 528 909 593 videmus
919 578 938 613 ,
988 531 1053 592 et
1099 528 1315 593 animo
1364 549 1568 612 aequo
1614 528 1924 594 videmus.
2017 528 2245 597 Civilis

237 617 408 683 enim
464 616 880 681 dissensionis
935 620 1003 680 et
1057 637 1170 680 seu
1224 616 1545 680 amentiae
1598 638 1710 681 seu
1755 617 1878 681 fati
1923 638 2036 683 seu
2082 620 2249 684 cala·

182 724 210 766 s
237 705 489 770 mitatis
533 726 665 770 non
710 708 812 769 est
855 704 979 768 iste
1024 705 1343 769 molestus
1389 705 1627 786 exitus,
1670 705 1739 768 in
1786 726 1914 789 quo
1961 706 2247 790 reliquos

239 794 473 858 saltem
528 792 686 858 civis
737 792 1088 858 incolumis
1137 792 1289 857 licet
1335 793 1732 857 conservare.
1814 791 2052 858 Verres
2061 845 2080 878 ,
2133 794 2248 860 ille

235 886 423 947 vetus
458 880 753 964 proditor
788 880 1092 964 consuliS,
1135 880 1497 945 translator
1534 884 1937 965 quaesturae,
1983 903 2249 948 aversor

235 969 544 1055 pecuniae
588 969 916 1054 publicae,
969 972 1230 1034 tantum
1276 969 1403 1032 sibi
1449 969 1860 1034 auctoritatis
1905 970 1976 1034 in
2019 968 2090 1035 re
2136 993 2250 1054 pu-

235 1058 428 1123 blica-
448 1057 758 1140 suscepit„
793 1061 885 1139 ut,
931 1056 1165 1140 quibus
1200 1056 1573 1121 hominibus
1609 1077 1727 1157 per
1773 1061 2088 1158 senatum,
2133 1079 2251 1142 per

151 1165 210 1206 ²⁰
236 1144 1170 1317 ἷξῖἓὲἓςξέῗῗῗὲἒὲ’ῃῖξέ,
1204 1144 2251 1318 ῗῖῗὲζὲῗοῗὲἐὲῗῖξὲέῗῑὲἳὲἳζ

235 1320 317 1473 ἓξ
347 1319 2251 1493 affl?2302322233225212105333efflzepzzffiflsszssss

236 1495 343 1561 Ad
371 1495 486 1562 Cn.
513 1495 915 1580 Pompeium,
952 1497 1384 1561 clarissimum
1411 1496 1624 1560 virum
1661 1501 1729 1561 et
1762 1496 2212 1582 fortissimum,
2255 1511 2354 1562 153

88 1661 91 1663 Α
149 1603 208 1646 15
235 1585 547 1737 Ρθῇξῗιὼί
602 1604 812 1736 ocffiso
868 1583 1197 1748 Periperng
1251 1605 1328 1649 ex
1382 1584 1499 1649 illo
1551 1581 1925 1735 Selrltoriano
1979 1607 2249 1652 numero

238 1695 304 1736 m
354 1695 378 1736 1
411 1695 522 1737 um
592 1693 668 1738 co
740 1695 784 1737 u
833 1694 991 1738 erun
1196 1693 1345 1736 uem
1410 1692 1544 1736 non
1604 1694 1630 1735 1
1686 1694 1720 1736 e
1786 1693 2038 1737 summo
2104 1695 2251 1738 cum

239 1759 452 1825 studio
483 1760 734 1825 salvom
761 1693 1281 1843 ificolumemque
1310 1757 1638 1823 servavit?
1685 1758 1788 1823 cui
1815 1759 1940 1822 civi
1973 1761 2251 1844 supplici

235 1868 371 1912 non
404 1847 528 1911 illa
560 1846 825 1911 dextera
858 1848 1104 1912 invicta
1136 1847 1331 1910 fidem
1369 1845 1660 1930 porrexit
1696 1850 1982 1930 et-spem
2019 1848 2250 1914 salutis

239 1934 567 2001 ostendit?
648 1933 834 1999 Itane
890 1935 1085 1998 vero?
1142 1933 1376 2019 quibus
1420 1933 1549 1997 fuit
1592 1937 1820 2018 portus
1867 1934 2040 2018 apud
2087 1956 2252 2021 eum,

149 2044 210 2086 20
240 2045 433 2108 quem
470 2026 699 2089 contra
735 2038 917 2087 arma
952 2023 1259 2106 tulerant,
1304 2022 1385 2086 iis
1424 2022 1595 2106 apud
1640 2027 1724 2107 te,
1771 2022 1951 2088 cuius
1994 2023 2250 2088 nullum

237 2114 308 2176 in
352 2134 422 2177 re
468 2111 731 2196 publica
776 2114 1176 2175 momentum
1221 2131 1530 2193 umquam
1574 2109 1729 2194 fuit,
1776 2132 1954 2175 mors
2003 2115 2068 2175 et
2113 2133 2249 2177 cru·

238 2200 446 2265 ciatus
494 2205 635 2264 erat
681 2198 1116 2264 constitutus?
1196 2197 1392 2281 Vide,
1447 2219 1643 2280 quam
1688 2198 2093 2263 commodam
2140 2199 2245 2263 de-
2267 2207 2354 2271 59

236 2287 595 2352 sensionem
641 2286 1058 2372 excogitatis!
1137 2285 1315 2350 Malo
1362 2285 1722 2351 mehercule
1766 2285 1852 2369 id,
1898 2286 2069 2370 quod
2113 2290 2188 2351 tu
2223 2293 2354 2363 (59)

238 2374 555 2459 defendis,
608 2374 736 2439 his·
765 2373 1082 2439 iudicibus
1135 2373 1508 2459 populoque
1561 2374 1857 2439 Romano
1915 2396 2112 2459 quam
2164 2374 2249 2458 id,

145 2481 210 2525 25
239 2463 412 2548 quod
468 2483 589 2549 ego
643 2462 978 2546 insimu10,
1038 2462 1330 2547 probari,
1392 2463 1596 2546 malo,
1660 2462 1952 2547 inquam,
2016 2466 2083 2527 te
2136 2425 2251 2528 isti

237 2551 460 2637 generi
521 2550 857 2617 hominum
922 2572 1118 2635 quam
1180 2551 1649 2615 mercatoribus
1709 2555 1776 2615 et
1832 2550 2250 2616 naviculariis

235 2640 570 2704 inimicum
614 2643 808 2723 atque
852 2637 1159 2704 infestum
1204 2639 1442 2723 putari.
1521 2638 1741 2703 Meum
1787 2638 1960 2703 enim
2005 2639 2252 2703 crimen

238 2727 550 2790 avaritiae
577 2729 644 2789 te
669 2726 911 2791 nimiae
938 2727 1253 2811 coarguit,
1291 2731 1406 2791 tua
1439 2725 1726 2790 defensio
1761 2724 2002 2789 furoris
2040 2725 2250 2789 cuius-

239 2813 388 2877 dam
427 2817 493 2878 et
528 2813 957 2877 immanitatis
994 2818 1061 2878 et
1104 2814 1433 2877 inauditae
1481 2812 1885 2877 crudelitatis
1934 2816 2000 2876 et
2045 2832 2248 2896 paene

146 2920 209 2963 so
236 2922 444 2965 novae
497 2900 1008 3001 proscriptionis
1098 2898 1223 2963 Sed
1275 2921 1409 2964 non
1464 2900 1619 2965 licet
1680 2921 1784 2964 me
1836 2900 1968 2965 isto
2023 2903 2211 2965 tanto
2252 2911 2354 2962 154

236 2989 438 3074 bono,
500 2983 769 3071 iudiceS,
826 2988 952 3070 uti,
1002 3008 1138 3052 non
1188 2986 1362 3052 licet.
1451 2986 1711 3052 Adsunt
1766 2987 1936 3052 enim
1989 2987 2251 3052 Puteoli

235 3078 391 3160 toti3
443 3039 956 3160 frequentissimi
999 3079 1316 3142 venerunt
1363 3075 1444 3139 ad
1488 3076 1612 3141 hoc
1655 3075 1967 3140 iudicium
2008 3096 2250 3141 merca-

234 3169 411 3231 tores
419 3216 438 3250 ,
492 3164 788 3230 homines
840 3163 1199 3249 locupletes
1255 3168 1450 3248 atque
1503 3163 1789 3247 honesti,
1844 3163 1956 3247 qui
2004 3163 2248 3249 partim

149 3273 154 3276 ·
235 3254 447 3319 socios
493 3273 646 3320 suos
655 3303 673 3336 ,
726 3253 968 3339 partim
1012 3251 1314 3336 libertos,
1368 3252 1611 3337 partim
1659 3251 2055 3317 conlibertos
2103 3271 2249 3335 spo-

143 3356 206 3403 ss
233 3343 432 3407 liatos
485 3342 555 3406 in
608 3342 824 3407 vincla
878 3340 1229 3424 coniectos,
1281 3342 1526 3426 partim
1574 3340 1645 3405 in
1688 3339 1921 3405 vinclis
1966 3343 2249 3423 necatos,

231 3431 475 3532 partim
532 3430 740 3495 securi
793 3449 1133 3514 percussos
1190 3449 1329 3493 esse
1377 3429 1614 3495 dicunt.
1693 3426 1820 3493 Hic
1864 3427 2009 3493 vide
2054 3449 2251 3512 quam

235 3539 338 3583 me
393 3519 483 3583 sis
539 3539 776 3584 usurus
832 3539 1055 3602 aequo
1147 3514 1314 3583 Cum
1367 3538 1490 3604 ego
1535 3516 1607 3582 P.
1646 3515 1962 3582 Granium
2011 3519 2250 3582 testem
