2566 4016
319 178 450 244 392
917 174 997 230 IN
1036 175 1093 230 C.
1133 173 1440 229 VERREM
1473 173 1631 228 ACT.
1669 173 1736 228 11.

316 324 389 388 in
438 321 708 388 ultimas
753 324 964 386 terras
1008 323 1471 406 perventuram
1513 317 1790 402 putasti,
1843 339 1990 383 cum
2035 316 2333 382 audirent

321 434 360 476 a
385 413 685 496 praetore
712 408 942 494 populi
966 407 1247 475 Romani
1272 406 1344 471 in
1370 405 1703 492 provincia
1735 405 2056 470 violatum
2090 426 2336 490 regem,

321 499 673 584 spoliatum
726 496 1083 581 hospitem,
1141 496 1418 561 eiectum
1471 494 1719 559 socium
1772 493 2000 579 populi
2052 491 2335 557 Romani

322 591 517 671 atque
581 585 904 655 amioum?
993 583 1252 649 Nomen
1305 586 1595 648 vestrum
1648 582 1996 667 populique
2050 580 2336 646 Romani

322 676 469 741 odio
497 679 692 758 atque
721 672 1064 741 acerbitati
1101 672 1334 737 scitote
1367 670 1745 736 nationibus
1782 669 2036 754 exteris,
2070 669 2336 752 iudices,
2358 686 2387 728 5

319 764 640 846 futurum,
704 761 762 829 si
822 760 1016 826 istius
1080 760 1239 825 haec
1302 762 1490 824 tanta
1551 758 1789 829 iniuria
1849 757 2150 844 inpunita
2208 757 2336 822 dis-

321 851 604 918 cesserit
704 846 810 915 Sic
867 870 1091 915 omnes
1151 848 1676 931 arbitrabuntur,
1733 845 2119 932 praesertim
2183 868 2336 912 cum

320 940 481 1009 haec
515 938 701 1007 fama
732 936 811 1005 de
854 940 1229 1022 nostrorum
1273 934 1613 1001 hominum
1657 934 1935 1009 avaritia
1980 937 2048 999 et
2091 933 2337 1019 cupidi-

321 1031 458 1091 tate
504 1025 1004 1111 percrebruerit,
1046 1046 1179 1089 non
1220 1024 1413 1088 istius
1460 1023 1663 1090 solius
1708 1022 1833 1095 hoc
1876 1043 2019 1087 esse
2060 1021 2339 1106 facinw,

322 1114 434 1180 sed
463 1135 686 1183 eorum
716 1114 934 1196 etiam,
971 1112 1081 1197 qui
1108 1111 1551 1196 adprobarint.
1611 1111 1809 1176 Multi
1842 1132 2049 1197 reges,
2085 1112 2339 1176 multae
2370 1131 2417 1172 ιο

320 1204 567 1268 liberae
631 1202 956 1286 civitatee,
1017 1201 1212 1267 multi
1263 1199 1506 1285 privati
1560 1199 1852 1283 opulenti
1905 1221 1981 1264 ac
2030 1202 2342 1284 potentes

320 1291 568 1357 habent
619 1291 911 1375 profecto
964 1289 1035 1353 in
1089 1289 1305 1355 animo
1352 1286 1748 1372 Capitolium
1804 1287 1897 1353 sic
1947 1309 2205 1370 ornare,
2257 1292 2345 1355 ut

320 1379 553 1463 templi
616 1378 902 1462 dignitas
965 1376 1348 1461 imperiique
1409 1376 1621 1441 nostri
1682 1397 1920 1447 nomen
1981 1375 2345 1459 desiderat3

323 1467 434 1551 qui
466 1466 524 1529 si
559 1464 999 1537 intellexerint
1034 1463 1394 1530 interverso
1431 1464 1556 1530 hoc
1591 1464 1801 1549 regali
1837 1464 2004 1530 dono
2043 1464 2343 1549 graviter

318 1574 435 1619 vos
485 1552 745 1637 tulisse,
800 1555 992 1638 grata
1033 1551 1174 1616 fore
1219 1551 1408 1617 vobis
1452 1553 1823 1639 populoque
1869 1552 2163 1619 Romano
2215 1575 2344 1618 sua
2371 1570 2422 1616 ιιι

322 1641 537 1707 studia
602 1663 676 1706 ac
740 1640 908 1706 dona
966 1639 1487 1723 arbitrabuntur3
1549 1640 1654 1705 sin
1704 1639 1830 1706 hoc
1879 1661 2002 1706 vos
2050 1640 2122 1704 in
2175 1662 2345 1726 rege

246 1734 249 1737 ’
320 1736 460 1797 tam
517 1729 751 1813 nobili,
814 1751 885 1794 re
937 1733 1079 1797 tam
1134 1727 1397 1812 eximia,
1457 1728 1695 1794 iniuria
1745 1733 1886 1794 tam
1940 1729 2174 1794 acerba
2226 1750 2345 1794 ne·

322 1819 605 1906 glexisse
641 1817 931 1901 audient,
973 1838 1107 1887 non
1147 1821 1338 1885 erunt
1380 1820 1520 1882 tam
1566 1820 1883 1902 amentes,
1926 1821 2003 1881 ut
2047 1838 2350 1902 operam²

321 1930 569 1991 curam,
630 1906 970 1992 pecuniam
1031 1905 1387 1991 inpendant
1442 1905 1513 1969 in
1567 1926 1676 1971 eas
1729 1926 1860 1990 res,
1924 1926 2087 1990 quas
2139 1906 2346 1971 vobis

322 2000 548 2082 gratas
590 1994 733 2062 fore
776 2017 909 2064 non
953 1994 1371 2069 arbitrentur.
2372 2013 2419 2055 ιο

452 2083 597 2150 Hoc
650 2086 822 2169 loce,
877 2082 950 2160 Q.
987 2081 1246 2167 Catule,
1299 2087 1366 2147 te
1416 2082 1704 2167 appello;
1755 2084 1988 2167 loquor
2033 2082 2209 2154 enim
2255 2083 2348 2148 de

320 2176 435 2238 tuo
460 2172 823 2240 clarissimo
850 2171 1413 2256 pulcherrimoque
1440 2174 1878 2240 monumento.
1921 2170 2075 2236 Non
2100 2171 2347 2238 iudicis

322 2261 534 2325 solum
591 2260 1005 2325 severitatem
1049 2259 1120 2323 in
1163 2259 1289 2325 hoc
1333 2258 1625 2342 crimine,
1681 2258 1793 2324 sed
1835 2280 2038 2346 prope
2083 2259 2350 2327 inimici

321 2353 515 2431 atque
579 2346 974 2412 accusatoris
1036 2346 1172 2416 vim
1235 2346 1561 2430 suscipere
1624 2347 1836 2413 debes.
1925 2347 2103 2416 Tuus
2159 2349 2351 2414 enim

318 2436 528 2500 honos
555 2434 673 2499 illo
711 2435 958 2519 templo
997 2437 1260 2500 senatus
1296 2435 1648 2520 populique
1683 2435 1964 2502 Romani
1999 2436 2350 2521 beneficio,
2374 2453 2421 2496 ιι

319 2522 418 2589 tui
470 2521 752 2588 nominis
809 2527 1072 2588 aeterna
1126 2523 1442 2590 memoria
1486 2523 1679 2594 simul
1726 2546 1873 2590 cum
1917 2525 2170 2609 templo
2216 2525 2351 2592 illo

319 2615 760 2694 consecratu13
796 2610 919 2676 tibi
946 2611 1107 2676 haec
1135 2633 1290 2676 cura
1322 2611 1743 2696 suscipienda,
1778 2613 1902 2678 tibi
1938 2613 2097 2678 haec
2133 2634 2354 2697 opera

321 2699 633 2770 sumenda
670 2702 791 2784 est,
833 2704 908 2764 ut
945 2697 1361 2783 Capitolium,
1408 2721 1601 2784 quem
1646 2700 1727 2765 ad
1774 2701 2035 2767 modum
2082 2703 2352 2788 magni-
2489 2693 2490 2704 ’

317 2788 617 2855 ficentius
645 2792 746 2853 est
772 2788 1167 2871 restitutum,
1205 2788 1300 2853 sic
1325 2788 1650 2872 copiosius
1678 2794 1981 2856 ornatum
2009 2789 2098 2854 sit
2132 2811 2350 2874 quam
2489 2747 2490 2830 l

317 2877 471 2960 fuit,
524 2881 601 2948 ut
652 2876 770 2946 illa
818 2876 1086 2942 flamma
1131 2876 1439 2942 divinitus
1486 2876 1780 2944 extitisse
1823 2877 2145 2961 videatur,
2204 2901 2351 2944 non
2377 2895 2427 2937 ω

320 2986 484 3049 quae
522 2965 768 3030 deleret
811 2963 986 3034 Iovis
1032 2964 1266 3049 optimi
1312 2964 1580 3032 maximi
1622 2967 1959 3051 templum,
2004 2966 2117 3030 sed
2137 2967 2148 2974 ’
2166 2989 2352 3051 quae

218 3065 283 3112 70
319 3053 716 3138 praeclarius
771 3052 1419 3139 magnificentiusque
1473 3051 1865 3136 deposceret.
1944 3053 2219 3120 Audisti
2266 3056 2356 3132 Q.

316 3140 671 3207 Minucium
699 3140 908 3210 dicere
937 3140 1113 3208 domi
1141 3162 1296 3206 suae
1327 3142 1736 3207 deversatum
1774 3163 1915 3208 esse
1931 3141 2358 3211 Antiochum

318 3248 540 3311 regem
576 3225 942 3312 Syracusis3
980 3250 1050 3293 se
1086 3228 1250 3293 illud
1288 3229 1451 3294 scire
1489 3229 1572 3293 ad
1606 3228 1806 3295 istum
1845 3252 1986 3297 esse
2022 3230 2357 3317 delatum,

320 3332 388 3375 se
442 3314 606 3377 scire
658 3336 794 3380 non
845 3316 1195 3400 redditum3
1253 3316 1495 3384 audisti
1548 3323 1616 3382 et
1669 3319 1889 3384 audies
1942 3319 2252 3387 homines
2318 3343 2359 3386 c
2384 3336 2433 3377 ὅ

319 3404 639 3491 conventu
685 3399 1107 3487 Syracusano,
1153 3404 1265 3488 qui
1308 3405 1406 3470 ita
1451 3404 1687 3489 dicant,
1732 3429 1874 3472 sese
1917 3406 2358 3476 audientibus

317 3479 482 3544 1llud
523 3482 666 3547 Iovi
718 3489 968 3570 optimo
1020 3493 1306 3557 maximo
1353 3493 1637 3558 dicatum
1683 3515 1823 3560 esse
1870 3496 1954 3561 ab
1997 3516 2156 3581 rege
2196 3496 2359 3562 -An-

215 2056 297 2183 {³⁹¹
