2566 4016
323 145 453 212 336
931 139 1012 197 IN
1047 139 1106 195 e.
1134 138 1442 195 VERREM
1476 137 1630 194 Ac'r.
1670 138 1737 193 11.

323 289 450 356 erit
493 286 773 353 veritate
816 284 1200 351 iudiciorum
1244 283 1624 366 constituta,
1670 286 1744 347 ut
1787 281 2086 347 inimicus
2131 304 2347 367 neque

325 378 546 442 deesse
607 373 870 442 nocenti
927 372 1140 457 possit
1191 392 1400 455 neque
1457 371 1686 436 obesse
1739 369 2088 436 innocenti.
2178 369 2346 446 Qua-

325 468 594 550 propter
628 463 814 529 nulla
847 482 952 527 res
995 464 1115 544 est,
1161 481 1357 544 quam
1405 458 1488 526 ob
1535 480 1675 524 rem
1717 479 1843 544 ego
1890 458 2092 523 istum
2134 459 2345 524 nolim

327 576 405 619 ex
431 551 722 638 paternis
750 549 1008 634 probris
1037 570 1113 614 ac
1148 548 1328 614 vitiis
1366 567 1724 633 emergere3
1764 546 1833 610 id
1871 545 2044 630 quod
2079 546 2341 613 tametsi

325 641 439 706 isti
476 639 739 706 difficile
776 641 895 721 est,
940 640 1163 702 tamen
1196 635 1373 701 haud
1410 634 1543 701 scio
1581 657 1669 700 an
1701 634 1846 699 fieri
1886 634 2118 719 possit,
2162 657 2338 720 prae·
2367 654 2396 694 s

326 729 555 796 sertim
618 728 701 810 si,
775 725 942 793 sicut
1001 746 1172 790 nunc
1233 725 1341 807 fit,
1411 723 1710 790 custodes
1776 722 2134 788 amicorum
2197 745 2343 787 eum

328 816 774 898 sectabuntur,
830 813 1135 897 quoniam
1189 815 1379 897 pater
1432 815 1573 877 tam
1621 811 1976 897 neglegens
2024 832 2100 876 ac
2145 811 2344 878 disso-

225 908 326 958 163
363 905 540 969 lutus
584 906 701 968 est.
781 900 1028 967 Verum
1071 901 1198 966 huc
1243 899 1535 985 longius,
1579 921 1776 983 quam
1820 899 2126 964 voluntas
2170 900 2346 983 tulit,

328 992 411 1058 ab
467 991 749 1076 epistula
794 988 1190 1055 Timarchidi
1245 987 1540 1078 digressa
1586 991 1687 1052 est
1732 987 1944 1052 oratio
1987 1008 2160 1072 mea,
2217 1009 2349 1071 qua

327 1080 604 1147 recitata
630 1080 1083 1146 conclusurum
1114 1097 1221 1142 me
1257 1097 1398 1141 esse
1434 1076 1680 1145 crimen
1714 1075 2140 1141 decumanum
2176 1075 2346 1140 dixe-
2378 1096 2434 1137 ιο

328 1190 498 1252 ram3
577 1190 655 1233 ex
728 1188 856 1251 quo
927 1164 1348 1231 intellexistis
1420 1163 1964 1231 innumerabilem
2033 1163 2349 1230 frumenti

327 1278 667 1323 numerum
723 1276 839 1339 per
893 1253 1246 1355 triennium
1301 1274 1598 1321 aversum
1650 1253 1734 1317 ab
1780 1274 1851 1316 re
1894 1251 2161 1337 publica
2205 1274 2348 1317 esse
2432 1294 2443 1320 .

227 1421 312 1485 70
332 1341 1422 1514 erepggffitluzfluattodrgbi'lsumento
1467 1431 1687 1513 empto
1731 1449 1877 1511 vos,
1920 1427 2190 1513 iudices,
2235 1429 2349 1494 do-

330 1540 539 1602 ceam,
600 1517 884 1581 maximo
949 1519 1144 1599 atque
1197 1514 1761 1598 impudentissimo
1813 1515 2020 1600 furt03
2085 1516 2161 1581 de
2217 1539 2347 1601 quo
2379 1537 2434 1579 ιε

331 1606 485 1672 dum
536 1608 717 1671 certa
762 1609 828 1668 et
872 1626 1080 1689 pauca
1126 1606 1192 1669 et
1238 1624 1481 1689 magna
1526 1603 1735 1669 dicam
1780 1604 2091 1689 breviter,
2140 1608 2349 1671 atten-

330 1695 480 1760 dite.
561 1692 986 1759 Frumentum
1040 1691 1110 1757 in
1163 1688 1387 1757 Sicilia
1441 1713 1654 1757 emere
1705 1691 1931 1757 debuit
1977 1693 2210 1758 Verres
2266 1715 2350 1758 ex

331 1786 595 1849 senatus
659 1781 956 1848 consulto
1013 1784 1080 1846 et
1133 1800 1211 1846 ex
1265 1779 1412 1865 lege
1466 1779 1769 1845 Terentia
1823 1783 1890 1845 et
1944 1778 2172 1846 Cassia
2217 1781 2348 1845 fru-

332 1869 669 1937 mentaria.
758 1867 1042 1937 Emundi
1095 1867 1222 1934 duo
1279 1887 1519 1952 genera
1570 1867 1860 1951 fuerunt,
1914 1891 2114 1934 unum
2165 1869 2350 1934 decu-

331 1981 613 2042 manum,
651 1958 950 2043 altemm,
991 1955 1166 2042 quod
1199 1960 1538 2041 praeterea
1573 1956 1947 2022 civitatibus
1986 1957 2349 2041 aequaliter
2378 1979 2435 2020 so

331 2052 504 2114 esset
559 2047 1007 2129 distributum3
1069 2045 1246 2112 illius
1301 2045 1639 2112 decumani
1691 2048 1976 2128 tantum,
2030 2050 2350 2130 quantum

331 2157 410 2200 ex
472 2135 701 2220 primis
759 2134 1041 2200 decumis
1094 2132 1355 2216 fuisset,
1417 2133 1608 2198 huius
1663 2133 1967 2218 imperati
2020 2134 2090 2198 in
2141 2156 2347 2200 annos

331 2223 625 2308 singulos
663 2222 868 2286 tritici
903 2220 1071 2287 mod.
1099 2221 1307 2306 §6653
1342 2221 1626 2305 pretium
1662 2226 1881 2286 autem
1917 2222 2350 2288 constitutum

331 2311 684 2376 decumano
742 2309 813 2373 in
866 2307 1117 2374 modios
1173 2309 1468 2393 singulos
1519 2306 1633 2373 HS
1687 2327 1794 2393 111,
1858 2310 2179 2394 imperato
2235 2308 2348 2376 HS

330 2415 413 2461 111
451 2413 504 2462 s.
584 2394 690 2461 Ita
733 2396 805 2461 in
846 2395 1245 2462 frumentum
1289 2397 1682 2482 imperatum
1716 2395 1828 2461 HS
1875 2398 2346 2465 duodetriciens
2372 2420 2423 2461 ιε

329 2484 399 2548 in
436 2504 640 2549 annos
679 2483 973 2569 singulos
992 2483 1185 2552 Verri
1231 2485 1711 2569 decernebatur,
1759 2486 1932 2570 quod
1975 2488 2346 2553 aratoribus

331 2572 641 2655 solveret,
695 2572 766 2636 in
819 2572 1063 2637 alteras
1119 2573 1420 2639 decumas
1465 2573 1602 2637 fere
1647 2573 1731 2638 ad
1774 2574 2156 2659 nonagiens.
2243 2574 2347 2642 Sic

329 2683 447 2747 per
473 2660 825 2761 triennium
853 2659 935 2724 ad
965 2660 1135 2727 hanc
1167 2660 1482 2727 frumenti
1518 2661 1913 2745 emptionem
1941 2660 2345 2730 Siciliensem

229 2751 1842 2921 1mprofffaggnssgznuzjgtnvgffirgzlegggaagmssbesgk
1877 2839 2129 2904 aerario
2163 2839 2341 2923 inopi
2367 2859 2430 2902 so

331 2929 527 3009 atque
592 2925 937 3008 exhausto,
1002 2925 1225 2991 datam
1286 2924 1371 2990 ad
1430 2923 1855 3010 frumentum,
1918 2927 2044 2993 hoc
2103 2931 2203 2992 est
2259 2925 2347 2992 ad

328 3012 785 3079 necessitatem
841 3013 1073 3079 salutis
1128 3035 1203 3079 ac
1256 3013 1458 3096 vitae,
1521 3014 1770 3097 datam,
1822 3018 1898 3080 ut
1953 3013 2218 3099 Siculis,
2271 3019 2353 3081 ut

331 3101 717 3183 aratoribus,
763 3101 995 3185 quibus
1032 3104 1221 3166 tanta
1264 3121 1464 3166 onera
1508 3123 1611 3166 res
1657 3101 1922 3186 publica
1964 3103 2356 3189 imponeret,

331 3189 718 3271 solveretur,
764 3189 882 3253 abs
922 3192 989 3254 te
1037 3188 1130 3254 sic
1175 3190 1529 3255 laceratam
1576 3211 1718 3254 esse
1764 3190 1938 3276 dice,
1981 3195 2058 3257 ut
2097 3193 2357 3277 possim

329 3274 495 3339 illud
556 3275 857 3361 probare,
923 3276 978 3341 si
1043 3276 1267 3361 velim,
1332 3298 1588 3343 omnem
1651 3281 1718 3342 te
1781 3279 1949 3345 hanc
2006 3281 2359 3364 pecuniam
2385 3298 2435 3341 ιε

333 3359 594 3425 domum
639 3366 822 3428 tuam
868 3365 1198 3431 avertisse.
1287 3364 1551 3432 Etenim
1596 3366 1689 3432 sic
1733 3366 1902 3433 hanc
1950 3389 2089 3433 rem
2136 3373 2362 3435 totam

334 3443 832 3534 administrasti,
886 3456 961 3516 ut
1005 3452 1154 3537 hoc,
1199 3453 1375 3538 quod
1420 3453 1589 3536 dico,
1634 3455 1904 3540 probari
1954 3457 2362 3540 aequissimo
