2566 4016
362 183 495 247 462
963 181 1045 236 IN
1082 181 1139 236 C.
1168 180 1479 236 VERREM
1512 180 1666 237 ACT.
1703 182 1772 237 H.

361 326 431 391 in
482 325 883 411 praedonum
937 347 1161 412 pugna
1203 329 1602 410 versaretur,
1653 325 1837 390 urbis
1879 325 2093 389 instar
2137 324 2388 391 habere

309 477 314 483 .
359 414 535 480 inter
593 414 746 479 illos
801 414 1111 500 piraticos
1165 434 1598 499 myoparones
1651 413 2004 496 videretur3
2068 413 2187 477 sed
2243 417 2387 479 tum

359 503 586 588 inopes
649 502 863 568 relicti
928 503 1010 568 ab
1075 502 1232 569 duce
1294 502 1750 588 praefectoque
1814 501 2041 567 classis
2105 501 2389 567 eundem

254 602 327 654 90
360 591 725 657 necessario
765 611 1023 656 cursum
1063 595 1286 657 tenere
1329 594 1697 676 coeperunt.
1767 589 2089 655 Helorum
2133 611 2390 675 versus,

360 684 435 745 ut
470 679 610 764 ipse
637 677 1037 762 Cleomenes,
1074 679 1172 745 ita
1208 679 1408 745 ceteri
1441 678 1863 765 navigabant,
1905 699 2117 760 neque
2154 678 2211 743 ii
2246 683 2388 744 tam
2409 697 2433 737 5

357 768 758 853 praedonum
830 767 1148 851 impetum
1210 767 1581 869 fugiebant,
1652 788 1850 850 quam
1912 766 2390 850 imperatorem

360 856 812 940 sequebantur.
883 855 1066 940 Tum,
1111 859 1187 920 ut
1224 857 1498 940 quisque
1532 855 1601 919 in
1645 854 1805 940 fuga
1849 858 2248 938 postremus,
2293 855 2390 932 ita

356 945 428 1008 in
478 944 767 1029 periculo
818 942 1119 1030 princeps
1165 948 1333 1026 erat3
1385 947 1790 1028 postremam
1834 942 2007 1006 enim
2054 964 2390 1042 quamque

356 1053 589 1096 navem
643 1032 895 1118 piratae
946 1032 1228 1134 primam
1273 1031 1750 1097 adoriebantur
1837 1029 1945 1094 Ita
1988 1030 2212 1114 prima
2257 1031 2390 1096 Ha·

357 1120 759 1186 luntinorum
822 1120 1006 1185 navis
1065 1120 1350 1206 capitur,
1413 1119 1567 1203 quoi
1619 1121 1920 1204 praeerat
1972 1116 2387 1184 Haluntinus
2409 1138 2448 1176 ιο

357 1209 555 1274 homo
596 1208 867 1292 nobilis,
910 1207 1367 1292 Phylarchus,
1391 1229 1583 1291 quem
1630 1207 1714 1271 ab
1759 1206 1895 1271 illis
1939 1206 2388 1290 praedonibus

356 1297 713 1362 Locrenses
785 1300 1016 1381 postea
1085 1295 1345 1381 publice
1410 1295 1849 1378 redemerunt3
1922 1315 2000 1358 ex
2064 1316 2202 1378 quo
2269 1318 2388 1362 vos

356 1386 574 1470 priore
603 1384 854 1449 actione
881 1384 1098 1448 iurato
1125 1405 1264 1449 rem
1303 1384 1558 1449 onmem
1596 1403 1984 1467 causamque
2020 1385 2388 1468 cognostis.

355 1472 605 1537 Deinde
632 1470 1123 1555 Apolloniensis
1158 1471 1346 1536 navis
1393 1471 1667 1556 capitur,
1712 1474 1780 1535 et
1824 1469 1962 1535 eius
2007 1471 2385 1555 praefectus

252 1530 339 1656 {³15
356 1558 808 1645 Anthropinus
873 1558 1203 1624 occiditur.
1299 1557 1482 1624 Haec
1544 1559 1699 1624 dum
1752 1561 2063 1644 aguntur,
2125 1559 2391 1625 interea
2411 1577 2447 1617 1⁵

359 1645 738 1713 Cleomenes
789 1645 923 1712 iam
977 1646 1060 1713 ad
1103 1646 1336 1712 Helori
1384 1647 1542 1711 litus
1588 1650 1999 1731 pervenerat3
2053 1646 2201 1712 iam
2248 1670 2391 1714 sese

356 1737 427 1801 in
456 1741 703 1801 terram
740 1757 774 1800 e
809 1735 962 1800 navi
1001 1735 1276 1802 eiecerat
1315 1735 1913 1820 quadrirememque
1949 1734 2391 1802 fluctuantem

355 1825 425 1889 in
491 1825 631 1889 salo
694 1824 1065 1909 reliquerat.
1164 1822 1427 1908 Reliqui
1488 1823 1800 1909 praefecti
1860 1822 2161 1907 navium,
2240 1847 2391 1891 cum

356 1913 427 1977 in
488 1917 731 1977 terram
796 1912 1154 1997 imperator
1216 1911 1482 1996 exisset,
1540 1932 1686 1977 cum
1748 1911 1878 1996 ipsi
1918 1932 2137 1994 neque
2200 1935 2392 1999 repu-

358 2022 558 2087 gnare
584 2022 793 2085 neque
828 2001 996 2070 mari
1032 2000 1316 2086 effugere
1351 2000 1489 2065 ullo
1527 2000 1719 2065 modo
1755 2001 2045 2085 possent,
2080 1999 2391 2086 adpulsis
2411 2020 2447 2058 2·

359 2090 441 2156 ad
475 2088 794 2155 Helorum
828 2088 1106 2155 navibus
1145 2088 1557 2154 Cleomenem
1592 2088 1917 2173 persecuti
1961 2091 2135 2153 sunt.
2217 2090 2391 2157 Tum

356 2178 754 2263 praedonum
814 2178 943 2242 dux
994 2176 1315 2242 Heracleo
1370 2180 1636 2260 repente
1687 2180 1949 2262 praeter
2001 2197 2199 2261 spem
2252 2201 2391 2245 11011

357 2288 478 2331 sua
546 2266 816 2347 virtute,
889 2264 1003 2330 sed
1072 2265 1263 2329 istius
1339 2264 1616 2330 avaritia
1679 2264 2097 2349 nequitiaque
2169 2266 2392 2333 victor

357 2354 633 2419 classem
702 2314 1208 2438 pulcherrimam
1278 2352 1506 2437 populi
1567 2351 1848 2417 Romani
1911 2354 1981 2416 in
2042 2352 2216 2418 litus
2288 2378 2388 2420 ex·

354 2441 614 2526 pulsam
661 2443 727 2504 et
776 2439 1074 2525 eiectam,
1128 2462 1273 2505 cum
1319 2441 1604 2526 primum
1647 2441 2239 2525 invesperasceret,
2298 2444 2392 2508 in·
2415 2459 2453 2500 a

251 2538 319 2588 92
357 2527 681 2594 flammari
715 2527 1096 2629 incendique
1132 2529 1342 2593 iussit.
1415 2528 1473 2593 Ο
1515 2531 1773 2613 tempus
1820 2528 2132 2593 miserum
2185 2535 2394 2616 atque

358 2615 659 2681 acerbum
722 2616 1093 2699 provinciae
1152 2615 1438 2682 Siciliae!
1514 2639 1552 2682 0
1617 2637 1839 2682 casum
1895 2616 2082 2681 illum
2148 2620 2395 2684 multis

354 2704 808 2770 innocentibus
873 2704 1328 2770 calamitosum
1392 2708 1589 2788 atque
1650 2704 2004 2769 funestum!
2078 2725 2119 2769 0
2187 2707 2396 2773 istius

354 2792 713 2877 nequitiam
777 2814 853 2857 ac
914 2792 1386 2878 turpitudinem
1446 2792 1868 2894 singularem!
1966 2790 2120 2857 Una
2185 2799 2397 2880 atque

356 2881 579 2946 eadem
604 2901 734 2945 nox
764 2884 921 2963 erat,
960 2901 1089 2964 qua
1113 2885 1381 2966 praetor
1407 2880 1648 2945 amoris
1673 2880 2062 2981 turpissumi
2085 2880 2399 2969 flamma,
2418 2898 2453 2939 ⁸

355 2970 586 3035 classis
630 2961 860 3053 populi
902 2968 1184 3034 Romani
1226 2969 1629 3054 praedonum
1671 2967 1967 3034 incendio
2013 2970 2400 3058 conflagra-

353 3058 489 3123 bat.
569 3056 884 3121 Adfertur
935 3060 1127 3123 nocte
1178 3057 1575 3142 intempesta
1629 3055 1848 3141 gravis
1898 3055 2177 3122 huiusce
2226 3061 2400 3127 mali

354 3145 622 3211 nuntius
662 3142 1041 3229 Syracusas,
1085 3145 1367 3210 curritur
1403 3144 1485 3210 ad
1528 3145 1947 3229 praetorium,
1992 3164 2123 3228 quo
2177 3147 2401 3215 istum

355 3255 434 3298 ex
509 3234 626 3298 illo
702 3233 1039 3317 praeclaro
1116 3233 1413 3299 convivio
1485 3232 1876 3298 reduxerant
1943 3233 2152 3318 paulo
2235 3242 2401 3302 ante

354 3321 658 3385 mulieres
732 3342 878 3386 cum
949 3325 1146 3387 cantu
1208 3325 1404 3405 atque
1468 3321 1872 3406 symphonia.
1970 3318 2402 3408 Cleomenes,
2420 3335 2455 3376 ³

354 3428 750 3556 1111111
777 3407 1776 3580 ”35m}}²2.2z{⁰33.¹‡.12¹¹3ss¹33
1801 3413 2406 3580 Θξῑῑέῖῑςῑῑῖεξ
