2566 4016
720 212 977 287 LIB.111*
1026 213 1424 270 CAP.69-71
1465 220 1495 281 5
1533 222 1828 272 162—167.
2158 216 2288 280 337

268 356 465 423 iudici
518 356 746 441 possit.
837 353 964 422 Sed
1017 377 1140 443 ego
1195 357 1454 423 habebo
1509 358 1829 423 rationem
1875 360 2286 426 auctoritatis

271 467 473 529 meae,
510 444 882 528 meminere,
920 466 1048 528 quo
1078 445 1296 510 animo
1326 449 1393 510 et
1430 467 1555 529 quo
1595 446 1868 512 consilio
1907 446 1988 512 ad
2023 469 2287 514 eausam

270 533 602 618 publicam
666 533 1073 616 accesserim3
1136 555 1270 598 non
1335 554 1528 619 agam
1592 537 1807 600 tecum
1872 537 2286 618 accusatorie,

269 621 437 685 nihil
481 621 755 705 fingam,
803 618 968 684 nihil
1016 621 1316 704 cuiquam
1361 621 1628 706 probari
1672 621 1822 687 volo
1869 644 1972 687 me
2018 623 2286 705 dicente,

217 727 245 768 5
273 708 445 793 quod
499 730 632 774 non
683 711 836 773 ante
890 708 1189 773 mihimet
1241 709 1370 795 ipsi
1422 709 1786 811 probatum
1820 710 1924 774 sit.
2004 709 2083 775 In
2127 710 2250 776 hac
2291 725 2393 775 165

270 796 543 882 pecunia
583 796 872 880 publica,
916 796 1184 880 iudices,
1215 796 1391 863 haec
1434 797 1657 862 insunt
1701 797 1831 862 tria
1876 818 2114 883 genera
2157 798 2286 863 fur·

270 888 516 968 torum,
569 885 881 968 primum,
936 906 1080 950 cum
1134 886 1353 969 posita
1407 889 1580 951 esset
1632 886 1903 970 pecunia
1959 886 2129 969 apud
2176 908 2284 951 eas

271 973 638 1055 societateS,
681 972 848 1037 unde
886 977 1026 1039 erat
1063 973 1403 1056 attributa,
1447 974 1621 1038 binis
1658 974 2025 1039 centesimis
2070 974 2286 1039 faene-

271 1065 453 1127 ratus
510 1063 636 1143 est,
690 1060 915 1125 deinde
968 1062 1309 1145 permultis
1365 1061 1739 1127 civitatibus
1790 1083 1910 1145 pro
1956 1061 2284 1128 frumento

192 1167 245 1207 ιο
269 1149 438 1213 nihil
493 1148 693 1213 solvit
746 1148 1035 1232 omnino,
1089 1154 1450 1233 postremo,
1504 1150 1562 1213 si
1616 1150 1718 1215 cui
1771 1149 2025 1215 civitati
2068 1151 2285 1231 solvit,

271 1239 531 1301 tantum
569 1236 865 1320 detraxit,
904 1240 1220 1320 quantum
1255 1237 1666 1302 commodum
1701 1237 1845 1321 fuit,
1884 1237 2068 1321 nulli,
2116 1237 2286 1320 quod

275 1324 563 1389 debitum
610 1328 737 1406 est,
781 1324 1077 1388 reddidit.

405 1411 504 1476 Ac
556 1411 838 1497 primum
889 1412 1015 1476 hoc
1070 1434 1147 1477 ex
1199 1417 1265 1477 te
1323 1433 1591 1497 quaero,
1645 1416 1748 1497 tu,
1801 1412 1904 1479 cui
1953 1412 2286 1497 publicani
2306 1414 2388 1477 71

272 1520 351 1566 ex
395 1499 734 1584 Carpinati
778 1500 1019 1565 litteris
1067 1501 1316 1586 gratias
1364 1503 1663 1586 egerunt,
1707 1500 1981 1586 pecunia
2024 1501 2285 1585 publica

196 1606 247 1646 15
273 1611 353 1655 ex
388 1589 639 1654 aerario
678 1593 965 1675 erogata,
1013 1610 1090 1653 ex
1125 1589 1558 1675 vectigalibus
1603 1588 1832 1673 populi
1876 1589 2158 1655 Romani
2203 1590 2285 1655 ad

272 1677 613 1743 emendum
664 1677 1063 1743 frumentum
1109 1678 1433 1742 attributa
1476 1676 1756 1742 fueritne
1800 1676 1925 1741 tibi
1970 1679 2285 1761 quaestui,

272 1766 699 1849 pensitaritne
762 1765 887 1830 tibi
948 1765 1137 1830 binas
1202 1765 1608 1831 centesimas.
1707 1763 1914 1830 Credo
1973 1767 2039 1830 te
2092 1786 2285 1851 nega-

273 1855 523 1934 turum3
568 1852 779 1936 turpis
818 1853 989 1916 enim
1027 1857 1127 1917 est
1165 1857 1231 1919 et
1265 1853 1633 1938 periculosa
1668 1851 2005 1917 confessio.
2085 1852 2250 1918 Mihi
2290 1860 2392 1910 166

278 1942 499 2005 autem
534 1938 659 2003 hoe
703 1939 1094 2024 perarduum
1139 1944 1240 2004 est
1287 1941 1748 2006 demonstrare.
1822 1939 2067 2017 Quibus
2114 1942 2286 2006 enim

194 2045 249 2085 20
274 2027 598 2093 testibus?
661 2027 1068 2110 publicanis?
1148 2027 1441 2093 Tractati
1485 2030 1835 2095 honorifice
1883 2032 2060 2113 sunt3
2113 2033 2281 2095 taee-

273 2118 455 2182 bunt.
519 2115 788 2181 Litteris
818 2114 1084 2180 eorum?
1149 2114 1427 2181 Decreto
1462 2117 1961 2183 decumanorum
1996 2122 2284 2185 remotae

276 2208 445 2270 sunt.
545 2203 686 2279 Quo
742 2225 844 2268 me
898 2203 1102 2290 igitur
1154 2204 1454 2269 vertam?
1517 2227 1658 2270 rem
1712 2209 1848 2270 tam
1899 2205 2285 2292 improbam,

276 2292 521 2358 crimen
556 2294 780 2356 tantae
819 2292 1124 2358 audaciae
1161 2295 1511 2377 tantaeque
1557 2293 1971 2378 inpudentiae
2015 2299 2285 2380 propter

274 2380 562 2465 inopiam
617 2380 885 2446 testium
944 2402 1019 2446 ac
1065 2380 1435 2446 litterarum
1489 2382 2054 2466 praetermittam?
2136 2382 2288 2449 Non

194 2484 248 2525 2⁵
272 2468 527 2553 faciam,
572 2469 831 2553 iudieeS,
875 2473 1026 2535 utar
1060 2472 1230 2534 teste
1275 2506 1361 2517 —
1410 2471 1581 2553 quo‘?
1644 2468 1716 2534 P.
1733 2468 1958 2537 Vettio
1996 2468 2286 2555 Chilone,

272 2558 534 2622 homine
609 2558 927 2642 equestris
1003 2557 1244 2622 ordinis
1317 2558 1780 2623 honestissimo
1844 2563 2037 2642 atque
2102 2581 2286 2625 orna·

273 2645 560 2729 tissimO,
611 2647 722 2730 qui
766 2646 880 2710 isti
925 2646 1023 2710 ita
1067 2650 1133 2710 et
1178 2645 1424 2711 amicus
1472 2650 1539 2711 et
1583 2646 1984 2711 necessarius
2031 2650 2148 2729 est,
2194 2651 2286 2730 ut,

276 2732 532 2795 etiamsi
602 2734 704 2797 vir
766 2733 975 2798 bonus
1037 2755 1171 2798 non
1234 2738 1433 2817 esset,
1504 2738 1751 2818 tamen,
1826 2732 1997 2817 quod
2058 2737 2288 2799 eontra
2363 2771 2370 2778 ·

274 2818 476 2883 istum
523 2819 789 2902 diceret,
840 2841 1039 2905 grave
1083 2820 1439 2905 videretur,
1483 2821 1580 2885 ita
1623 2822 1723 2886 vir
1766 2822 1977 2886 bonus
2024 2824 2150 2904 est,
2195 2825 2287 2903 ut,

194 2924 248 2964 ao
277 2906 536 2971 etiamsi
573 2905 1054 2971 inimicissimus
1091 2908 1205 2971 isti
1242 2911 1433 2992 esset,
1479 2911 1699 2974 tamen
1737 2908 1872 2974 eius
1909 2907 2286 2974 testimonio

276 2994 449 3062 credi
494 2997 843 3078 oporteret.

409 3082 790 3147 Admiratur
837 3085 902 3147 et
949 3085 1262 3168 expectat,
1312 3082 1618 3167 quidnam
1653 3082 1917 3149 Vettius
1964 3083 2251 3149 dicturus
2292 3088 2389 3139 167

276 3172 380 3236 sit.
461 3170 645 3237 Nihil
702 3169 870 3235 dicet
926 3192 1005 3235 ex
1057 3174 1378 3256 tempore,
1429 3171 1596 3236 nihil
1647 3194 1725 3237 ex
1771 3192 1888 3236 sua
1932 3171 2287 3257 voluntate,

272 3259 462 3344 nihil,
518 3281 664 3325 eum
718 3258 1040 3324 utrumvis
1095 3258 1355 3325 licuisse
1408 3259 1720 3326 videatur.
1801 3258 1984 3323 Misit
2030 3259 2286 3325 litteras

190 3361 247 3405 35
273 3347 343 3411 in
381 3345 669 3414 Siciliam
706 3346 790 3411 ad
825 3345 1295 3432 Carpinatium,
1340 3370 1485 3414 eum
1523 3353 1695 3414 esset
1732 3347 2045 3433 magister
2093 3348 2287 3434 serip-

273 3439 459 3500 turae
523 3439 589 3501 et
654 3457 765 3501 sex
822 3435 1257 3520 publicorum,
1324 3458 1483 3521 quas
1540 3458 1662 3523 ego
1718 3435 2057 3522 Syracusis
2115 3438 2288 3523 apud

275 3519 779 3607 Carpinatium
760 3545 830 3589 ιιι
865 3525 1237 3591 litterarum
1280 3525 1631 3593 allatarum
1676 3524 1884 3608 libris,
1927 3525 2173 3593 Romae
2218 3526 2292 3590 in

379 3632 486 3677 010.
514 3635 576 3678 ιι
605 3637 644 3677 ι.
1793 3635 1860 3685 22
