2566 4016
316 208 448 272 316
907 204 986 258 ΙΝ
1024 204 1083 261 Ο.
1126 204 1430 261 VERREM
1464 204 1624 262 AcT.
1660 205 1729 260 H.

318 351 635 434 duximus,
672 350 983 416 accedant
1010 371 1086 415 eo
1112 370 1285 416 novo
1312 349 1721 433 pessimoque
1757 348 2054 433 exemplo
2080 345 2194 412 HS
2222 350 2336 414 ff.

214 437 314 486 117
352 438 478 504 Hic
504 438 668 504 mihi
696 438 894 504 etiam
923 438 1132 503 dicere
1162 437 1427 503 audebit
1463 458 1702 522 magno
1742 458 1810 502 se
1848 436 2147 502 decumas
2185 457 2335 501 ven-

317 528 583 611 didisse,
629 548 774 591 cum
821 549 899 591 ex
944 526 1169 592 eodem
1216 547 1378 611 agro
1425 524 1690 590 dimidio
1734 525 1875 608 ipse
1918 525 2066 610 plus
2115 525 2336 591 abstu-

317 616 487 699 lerit,
524 637 720 699 quam
755 614 1001 699 populo
1028 613 1328 679 Romano
1363 613 1661 679 miserit?
1707 628 1917 677 ccxvl
1956 612 2102 698 agri
2126 611 2333 677 Leon-

316 703 440 768 tini
477 704 777 768 decumas
822 701 1195 786 vendidisti3
1239 702 1298 767 si
1343 723 1420 767 ex
1465 702 1629 787 lege,
1673 720 1946 784 magn03
1990 700 2064 783 si,
2110 704 2187 765 ut
2230 701 2334 765 lex
2361 721 2392 763 5

317 795 489 857 esset
522 790 729 871 libido
763 793 896 873 tua,
942 790 1017 874 si,
1060 792 1154 874 ut,
1201 811 1367 873 quae
1404 789 1706 855 dimidiae
1747 791 1983 872 essent,
2028 788 2336 854 decumae

316 882 720 960 vocarentur,
754 899 957 960 parvo
984 877 1362 961 vendidisti3
1397 878 1607 943 multo
1637 875 1809 942 enim
1835 876 2045 961 pluris
2080 876 2335 943 fructus

316 967 514 1031 annui
560 964 818 1038 Siciliae
873 966 1093 1031 venire
1145 968 1527 1050 potuerunt,
1582 965 1639 1030 si
1682 964 1751 1028 id
1793 968 1861 1029 te
1907 968 2171 1030 senatus
2217 968 2339 1030 aut

314 1055 594 1138 populus
639 1054 970 1119 Romanus
1015 1053 1228 1119 facere
1274 1053 1607 1119 voluisset.
1679 1051 1941 1118 Etenim
1988 1073 2184 1135 saepe
2228 1051 2335 1118 de-

314 1163 539 1208 cumae
591 1142 764 1207 tanti
816 1142 1184 1225 venierunt,
1239 1164 1385 1207 cum
1431 1142 1577 1227 lege
1621 1139 1974 1207 Hieronica
2015 1140 2334 1225 venirent,
2365 1162 2421 1205 ιο

316 1231 545 1315 quanti
610 1252 781 1296 nunc
844 1230 993 1316 lege
1044 1228 1281 1295 Verria
1341 1230 1699 1296 venierunt.
1798 1227 1970 1294 Cedo
2033 1228 2198 1294 mihi
2261 1226 2333 1295 C.

313 1318 612 1384 Norbani
682 1318 982 1384 decumas
1053 1318 1370 1383 venditas.
1477 1315 1548 1384 O.
1600 1315 1931 1383 NORBANI
1993 1333 2336 1383 uncum

314 1423 676 1471 visamus
714 1422 886 1469 Aom
921 1404 1288 1471 LEoN'rml.
1359 1405 1567 1490 Atqui
1602 1408 1744 1469 tum
1778 1425 1986 1490 neque
2022 1403 2334 1471 iudicium

316 1494 394 1557 de
455 1493 649 1558 modo
708 1492 1006 1576 iugerum
1060 1492 1368 1574 dabatur,
1426 1515 1636 1578 neque
1690 1498 1833 1560 erat
1876 1492 2333 1559 Artemidorus

314 1579 653 1646 Cornelius
709 1584 1152 1664 recuperator,
1203 1602 1414 1664 neque
1466 1582 1551 1647 ab
1599 1584 1856 1647 aratore
1901 1581 2336 1666 magistratus
2363 1602 2418 1643 ιε

315 1666 569 1733 Siculus
597 1671 855 1732 tantum
883 1667 1205 1753 exigebat,
1242 1673 1559 1753 quantum
1597 1669 1985 1735 decumanus
2025 1668 2335 1753 ediderat,

312 1778 431 1824 nec
483 1756 865 1822 beneficium
914 1757 1262 1841 petebatur
1309 1757 1391 1823 ab
1439 1757 1792 1823 decumano
1801 1808 1821 1841 ,
1872 1762 1949 1822 ut
1990 1757 2060 1822 in
2102 1757 2336 1842 iugera

316 1845 577 1930 singula
636 1845 843 1911 ternis
906 1845 1249 1912 medimnis
1316 1845 1604 1911 decidere
1657 1845 1909 1929 liceret,
1969 1866 2089 1911 nec
2147 1867 2334 1911 num-

314 1956 569 1999 morum
606 1934 1039 2000 accessionem
1078 1934 1433 2021 cogebatur
1479 1937 1700 1999 arator
1746 1933 1899 1998 dare
1942 1954 2061 1999 nec
2104 1936 2333 1999 ternas

316 2023 885 2110 quinquagesimas
957 2022 1269 2089 frumenti
1342 2023 1600 2106 addere,
1672 2026 1739 2087 et
1799 2027 2023 2088 tamen
2083 2023 2332 2107 populo
2359 2043 2413 2085 ιο

208 2159 295 2223 50
313 2110 610 2176 Romano
654 2132 933 2196 magnus
977 2111 1290 2176 frumenti
1334 2132 1640 2176 numerus
1686 2110 2091 2176 mittebatur.

210 2236 310 2286 118
447 2198 615 2273 Quid
665 2220 820 2263 vero
873 2198 1041 2263 istae
1095 2198 1222 2264 sibi
1277 2198 1879 2286 quinquagesimae,
1934 2197 2087 2283 quid
2129 2220 2333 2282 porro

311 2307 725 2350 nummorum
755 2284 1150 2351 accessiones
1178 2286 1454 2352 volunt?
1501 2308 1631 2371 quo
1655 2287 1723 2351 id
1757 2287 1896 2353 iure
1933 2290 2128 2371 atque
2166 2285 2334 2353 adeo

312 2393 439 2456 quo
493 2372 561 2435 id
614 2372 833 2455 potius
888 2393 1067 2438 more
1120 2372 1379 2438 fecisti?
1458 2374 1780 2441 Nummos
1832 2374 2033 2441 dabat
2086 2378 2332 2441 arator.

312 2459 451 2534 Quo
497 2458 690 2523 modo
738 2463 852 2525 aut
897 2459 1107 2525 unde?
1173 2462 1313 2545 qui,
1362 2463 1420 2527 si
1462 2463 1875 2549 largissimus
1922 2483 2061 2528 esse
2106 2464 2333 2547 vellet,
2357 2481 2409 2524 ω

311 2546 737 2612 cumulatiore
791 2568 1095 2613 mensura
1147 2553 1467 2635 uteretur,
1519 2555 1598 2616 ut
1650 2554 1844 2616 antea
1890 2550 2193 2616 solebant
2236 2551 2332 2617 fa-

310 2657 453 2700 cere
497 2635 568 2699 in
612 2635 927 2719 decumis,
982 2658 1127 2703 cum
1173 2659 1382 2722 aequa
1425 2640 1572 2724 lege
1616 2643 1686 2704 et
1730 2638 2104 2705 condicione
2148 2641 2333 2705 veni-

310 2724 498 2807 bant,
552 2723 610 2787 is
654 2746 992 2789 nummum
1038 2724 1282 2791 dabat?
1336 2726 1548 2792 unde?
1594 2726 1674 2791 de
1717 2726 2091 2792 frumento}>
2140 2729 2334 2811 quasi

309 2811 646 2877 habuisset
682 2816 751 2876 te
795 2816 1113 2896 praetore,
1159 2814 1333 2898 quod
1376 2815 1699 2879 venderet.
1780 2814 1882 2881 De
1926 2815 2074 2879 vivo
2120 2814 2333 2901 igitur

310 2899 555 2983 aliquid
610 2904 753 2966 erat
805 2902 1250 2986 resecandum,
1313 2906 1389 2967 ut
1434 2906 1633 2986 esset,
1684 2901 1854 2968 unde
1901 2902 2198 2987 Apronio
2245 2903 2333 2969 ad
2356 2922 2409 2965 so

307 2987 461 3052 illos
524 2988 775 3053 fructus
836 2989 1205 3055 arationum
1259 2990 1385 3056 hoc
1441 2990 1857 3056 corollarium
1908 3012 2331 3057 nummorum

307 3075 669 3141 adderetur.
741 3076 883 3142 Iam
919 3077 987 3141 id
1021 3098 1217 3160 porro
1262 3080 1485 3144 utrum
1528 3078 1808 3145 libentes
1854 3100 1941 3144 an
1982 3079 2177 3145 inviti
2220 3079 2332 3146 da-

306 3163 512 3227 bant?
591 3163 945 3229 Libentes?
992 3165 1322 3249 amabant,
1365 3166 1573 3248 credo,
1618 3165 2001 3250 Apronium.
2081 3167 2331 3233 Inviti?

309 3270 438 3330 qua
489 3271 560 3314 re
613 3251 742 3316 nisi
794 3252 862 3317 vi
911 3257 979 3317 et
1023 3254 1199 3318 malo
1245 3255 1692 3340 cogebantur?
1771 3254 1914 3322 Iam
1956 3255 2084 3321 iste
2126 3255 2331 3322 homo

310 3337 790 3403 amentissimus
811 3340 881 3405 in
907 3340 1263 3407 vendundis
1295 3341 1576 3409 decumis
1603 3364 2016 3409 nummorum
2040 3342 2333 3410 faciebat
2357 3357 2409 3401 ὃ

310 3422 707 3489 accessiones
745 3426 827 3490 ad
863 3428 1157 3513 singulas
1197 3430 1517 3516 decumas,
1559 3452 1769 3515 neque
1815 3431 2123 3514 multum;
2169 3432 2334 3498 bina

310 3505 426 3564 aut
456 3507 644 3573 terna
679 3512 864 3577 milia
897 3536 1236 3583 nummum
1274 3518 1555 3585 addebat
1564 3544 1581 3602 ;
1616 3520 1786 3586 fiunt
1817 3541 1936 3605 per
1970 3519 2333 3586 triennium
