2566 4016
724 222 862 278 LIB.
889 223 968 277 IV
1023 223 1177 279 CAP.
1219 230 1427 278 11—13
1465 231 1495 290 s
1532 231 1759 280 26—31.
2124 226 2258 292 375
2317 184 2320 185 ⁷

238 368 554 434 daritano.
644 365 907 457 Etenim
962 368 1019 432 si
1062 366 1469 451 Phylarchus
1524 368 1944 452 vendidisset,
1997 392 2130 435 non
2180 370 2258 454 ei,

284 460 665 540 osteaquam
700 477 849 520 reus
886 455 1098 520 factus
1136 477 1223 538 es,
1267 456 1671 521 redditurum
1714 460 1783 520 te
1827 458 2255 539 promisisses,

236 482 424 620 guod
478 544 630 628 quia
678 543 902 608 vidisti
946 544 1164 626 plures
1212 543 1403 626 scire,
1459 544 1790 629 cogitasti,
1847 544 1904 608 si
1950 545 2010 609 ei
2052 546 2257 609 reddi·

240 633 463 716 disseS,
499 636 565 695 te
595 632 807 696 minus
839 631 1236 715 habiturum,
1272 653 1412 696 rem
1447 632 1655 696 nihilo
1693 632 1905 696 minus
1943 635 2255 698 testatam

184 736 211 777 ⁶
237 720 552 802 futuram3
606 741 740 784 non
787 719 1141 784 reddidisti.
1231 719 1418 784 Dixit
1460 719 1866 803 Phylarchus
1911 742 2030 803 pro
2076 721 2257 785 testi-

239 808 457 873 monio
494 829 581 889 se,
629 807 802 890 quod
838 812 1062 872 nosset
1102 811 1287 873 tuum
1333 807 1534 872 istum
1580 808 1897 891 morbum,
1943 814 2019 874 ut
2064 808 2256 873 amici

236 896 336 962 tui
382 896 744 980 appellant,
793 895 1046 978 cupisse
1090 899 1158 961 te
1204 897 1415 960 celare
1462 896 1538 959 de
1582 896 1897 980 phaleris3
1944 918 2089 961 cum
2137 896 2253 960 abs

235 989 302 1049 te
349 984 719 1068 appellatus
766 987 968 1066 esset,
1011 1004 1288 1069 negasse
1333 983 1574 1047 habere
1621 1004 1789 1068 sese3
1835 984 2005 1068 apud
2052 984 2255 1049 alium

235 1093 491 1156 quoque
546 1093 656 1136 eas
710 1070 1016 1136 habuisse
1071 1071 1427 1155 depositas,
1481 1093 1562 1135 ne
1614 1093 1743 1155 qua
1785 1070 2256 1154 invenirentur3

153 1178 210 1217 ιο
235 1160 426 1223 istius
490 1161 747 1223 tantam
809 1158 1012 1223 fuisse
1076 1159 1532 1244 sagacitatem,
1596 1164 1670 1223 ut
1734 1181 1841 1223 eas
1896 1180 2013 1243 per
2064 1160 2254 1224 illum

233 1248 450 1331 ipsum
512 1247 883 1330 inspiceret,
956 1247 1069 1311 ubi
1132 1250 1320 1311 erant
1384 1246 1741 1329 depositae3
1814 1250 1957 1310 tum
2021 1268 2089 1311 se
2153 1246 2252 1311 de·

235 1356 544 1418 prensum
595 1355 835 1419 negare
889 1356 1022 1399 non
1075 1334 1395 1418 potuisse3
1448 1334 1545 1398 ita
1595 1334 1678 1398 ab
1726 1355 1793 1398 se
1838 1333 2047 1399 invito
2092 1334 2253 1419 pha-

234 1423 405 1487 leras
452 1422 707 1487 ablatas
755 1422 981 1507 gratiS.

366 1509 526 1593 Iam,
569 1515 645 1575 ut
680 1510 841 1575 haec
878 1509 1096 1575 omnia
1131 1509 1415 1594 reperire
1459 1531 1534 1574 ac
1577 1509 1974 1593 perscrutari
2020 1509 2251 1574 solitus

151 1615 207 1657 ιε,
237 1599 341 1683 sit,
385 1599 646 1682 iudices,
691 1602 793 1662 est
829 1619 1062 1682 operae
1098 1596 1386 1682 pretium
1422 1617 1827 1680 cognoscere.
1903 1596 2253 1681 Cibyratae

234 1690 387 1751 sunt
446 1687 685 1751 fratres
741 1685 1029 1770 quidam,
1093 1685 1507 1769 Tlepolemus
1564 1689 1631 1749 et
1684 1683 1886 1749 Hiero
1896 1734 1914 1769 ,
1978 1707 2253 1768 quorum
2379 1764 2388 1771 ·

234 1776 515 1838 alterum
566 1774 812 1858 fingere
867 1774 1097 1857 opinor
1142 1795 1177 1837 e
1232 1795 1382 1838 cera
1436 1773 1702 1838 solitum
1750 1794 1917 1855 esse,
1975 1773 2252 1837 alterum

235 1882 376 1924 esse
439 1861 771 1944 pictorem.
868 1860 1082 1926 Hosce
1147 1861 1405 1943 opinor,
1472 1859 1748 1944 Cibyrae
1813 1882 1957 1926 cum
2020 1860 2090 1923 in
2153 1882 2253 1925 su-

237 1948 589 2033 spicionem
627 1946 956 2012 venissent
989 1948 1122 2014 suis
1160 1948 1409 2013 civibus
1443 1948 1669 2014 fanum
1706 1948 2025 2033 expilasse
2053 1947 2254 2034 Apol-

152 2054 209 2094 20
236 2037 408 2121 linis,
451 2035 697 2100 veritos
734 2057 1011 2120 poenam
1048 2035 1269 2101 iudicii
1306 2058 1380 2100 ac
1417 2036 1582 2121 legis
1631 2036 1822 2102 domo
1867 2037 2252 2122 profugisse.

235 2124 422 2201 Quod
455 2124 726 2189 Verrem
783 2123 1043 2188 artificii
1099 2123 1199 2187 sui
1252 2123 1553 2208 cupidum
1609 2129 2049 2210 cognoverant
2093 2129 2254 2209 tum,

235 2236 381 2278 cum
448 2212 600 2293 iste,
672 2211 740 2276 id
808 2210 980 2295 quod
1043 2233 1120 2278 ex
1182 2211 1463 2275 testibus
1528 2211 1872 2296 didicistis,
1946 2211 2254 2296 Cibyram

236 2323 384 2365 cum
426 2299 729 2364 inanibus
778 2298 1170 2385 syngraphis
1214 2302 1508 2383 venerat,
1564 2300 1755 2365 domo
1799 2300 2124 2386 fugientes
2172 2302 2254 2367 ad

236 2410 382 2453 eum
439 2410 509 2452 se
564 2388 809 2471 exules,
840 2409 1010 2453 cum
1064 2387 1191 2453 iste
1247 2392 1421 2453 esset
1472 2388 1542 2452 in
1583 2387 1770 2472 Asia,
1824 2390 2254 2455 contulerunt.

148 2493 205 2534 25
233 2476 486 2541 Habuit
514 2497 624 2542 eos
659 2498 878 2541 secum
914 2476 1032 2541 illo
1069 2479 1364 2560 tempore
1401 2481 1468 2541 et
1503 2476 1573 2541 in
1608 2477 1956 2562 legationis
1993 2479 2251 2563 praedis

233 2570 428 2649 atque
485 2564 679 2630 furtis
734 2566 1015 2630 multum
1070 2565 1338 2630 illorum
1393 2587 1590 2649 opera
1645 2565 2042 2650 consilioque
2096 2589 2251 2633 usus

232 2657 351 2716 est.
447 2652 540 2716 Hi
603 2657 754 2717 sunt
815 2653 943 2737 illi,
1008 2652 1241 2736 quibus
1305 2652 1376 2716 in
1428 2652 1672 2718 tabulis
1727 2652 1927 2717 refert
1981 2675 2121 2718 sese
2178 2655 2250 2730 Q.
2289 2665 2359 2715 31

233 2738 473 2802 Tadius
520 2738 795 2804 ‘dedisse
849 2741 1032 2805 iussu
1075 2741 1267 2805 istius
1316 2738 1580 2805 Graecis
1627 2740 2029 2824 pictoribus'.
2117 2740 2251 2806 Eos

233 2825 365 2889 iam
422 2826 583 2889 bene
639 2827 936 2911 cognitos
992 2830 1060 2891 et
1112 2849 1183 2891 re
1227 2827 1541 2910 probatos
1588 2848 1805 2891 secum
1849 2828 1920 2891 in
1965 2824 2252 2893 Siciliam

142 2931 206 2973 so
235 2913 434 2977 duxit.
501 2910 642 2987 Quo
669 2918 1098 2997 posteaquam
1124 2919 1459 2998 venerunt,
1496 2914 1860 2978 mirandum
1888 2915 1959 2979 in
1990 2914 2253 2981 modum

232 2998 454 3087 (canes
520 3000 847 3065 venaticos
910 3000 1181 3085 diceres)
1244 3001 1341 3066 ita
1404 2999 1843 3067 odorabantur
1907 3003 2125 3067 omnia
2187 3010 2253 3070 et

229 3088 797 3174 pervestigabant,
851 3092 953 3172 ut,
1004 3088 1120 3152 ubi
1164 3088 1443 3173 quidque
1490 3093 1687 3173 esset,
1734 3089 1955 3173 aliqua
1998 3091 2251 3157 ratione

229 3177 611 3243 invenirent.
711 3176 909 3241 Aliud
971 3176 1305 3260 minando,
1378 3177 1555 3242 aliud
1616 3177 2010 3263 pollicendO,
2075 3179 2251 3245 aliud

229 3288 346 3349 per
385 3287 624 3350 servos,
671 3264 847 3330 aliud
882 3287 999 3349 per
1045 3265 1304 3349 liber-OS,
1348 3288 1465 3350 per
1510 3266 1788 3331 amicum
1835 3266 2028 3351 aliud,
2075 3268 2252 3333 aliud

143 3369 203 3413 ³⁶
229 3375 346 3438 per
373 3353 706 3420 inimicum
732 3353 1174 3437 inveniebant3
1214 3354 1518 3438 quicquid
1552 3354 1687 3420 illis
1723 3354 2074 3439 placuerat,
2111 3379 2252 3440 per-

231 3441 506 3506 dendum
536 3445 694 3508 erat.
766 3440 951 3506 Nihil
981 3442 1157 3507 aliud
1186 3443 1525 3527 optabant,
1558 3465 1833 3528 quorum
1858 3445 2250 3529 poscebatur

230 3532 592 3615 argentum,
634 3529 765 3596 nisi
799 3534 875 3596 ut
911 3531 978 3596 id
1013 3530 1288 3597 Hieroni
1334 3536 1400 3597 et
1437 3532 1812 3618 Tlepolemo
1860 3533 2253 3618 displiceret.

2276 1481 2360 1544 13

2290 1559 2363 1607 30
