2566 4016
274 186 361 250 30
810 184 955 241 PRO
992 186 1052 240 P.
1090 183 1432 250 QUINGTIO
1471 182 1762 240 ORATIO.

275 329 511 415 quibus
553 330 681 395 iste
725 328 1087 414 possederit
1129 329 1482 412 neminem,
1534 350 1618 396 ne
1665 327 1967 414 attigerit
2013 330 2302 416 quidem3

272 440 474 483 unum
517 415 747 494 fuisse,
801 437 993 501 quem
1040 416 1366 502 attingere
1411 420 1683 484 conatus
1730 416 1846 500 sit3
1892 416 2302 521 prohibitum

169 519 238 569 90
276 506 613 592 quievisse.
700 503 781 569 In
841 505 909 589 ip
914 524 988 569 sa
1044 502 1264 569 Gallia
1327 506 1661 591 cognostis
1724 504 1798 572 in
1851 505 2121 589 praedia
2172 508 2302 592 pri-

273 597 430 659 vata
484 592 745 669 Quincti
800 528 941 657 Selia
994 590 1319 658 Naevium
1373 614 1506 658 non
1558 593 1853 676 venisse3
1901 593 2177 679 denique
2224 617 2303 661 ex

272 681 398 747 hoc
437 682 582 767 ipso
630 682 823 763 saltu,
869 701 1063 764 quem
1106 702 1223 765 per
1268 682 1402 746 vim
1449 682 1720 766 expulso
1768 681 1945 747 socio
1991 683 2302 767 possedit,
2328 703 2355 743 5

275 791 514 835 servos·
552 770 845 853 privatos
892 766 1154 843 Quincti
1209 790 1434 833 omnes
1495 770 1734 834 eiectos
1777 789 1906 835 non
1952 791 2111 835 esse.
2201 771 2302 837 Ex

276 879 405 943 quo
442 862 509 922 et
544 879 621 922 ex
668 857 899 923 ceteris
946 856 1155 941 dictis,
1198 856 1391 922 factis
1438 857 1874 941 cogitatisque
1908 854 2053 923 Sex.
2089 858 2305 925 Naevi

277 946 489 1030 quivis
544 949 766 1042 potest
816 942 1208 1046 intellegere,
1250 945 1452 1010 istum
1496 944 1663 1009 nihil
1710 945 1888 1011 aliud
1935 946 2145 1031 egisse
2189 969 2298 1012 ne-

278 1056 401 1118 que
444 1055 615 1099 nunc
661 1054 882 1120 agere,
933 1032 1063 1097 nisi
1109 1032 1207 1096 uti
1251 1054 1369 1117 per
1412 1032 1573 1116 vim,
1626 1055 1745 1117 per
1798 1033 2128 1135 iniuriam,
2182 1056 2300 1119 per

274 1122 722 1206 iniquitatem
743 1121 964 1187 iudicii
1016 1124 1232 1186 totum
1287 1142 1546 1207 agrum,
1601 1122 1714 1205 qui
1776 1121 2131 1187 communis
2179 1127 2383 1207 est,1o

171 1270 257 1334 30
210 1209 1248 1396 ιωωιξιιιίιιὸἒθέἒιιξιιοῗέξοιαια
1197 1318 1302 1362 res
1332 1273 1479 1382 ipsa
1498 1301 1574 1362 et
1598 1298 1872 1383 periculi
1899 1298 2300 1383 magnitudo,

210 1349 344 1452 ¹.0
397 1385 649 1470 Aquili,
704 1407 935 1472 cogere
980 1385 1260 1470 videtur,
1318 1388 1395 1449 ut
1447 1389 1514 1449 te
1569 1388 1764 1470 atque
1819 1407 1957 1471 eos,
2010 1387 2122 1470 qui
2175 1388 2301 1452 tibi

273 1474 345 1538 in
398 1473 669 1539 consilio
732 1477 910 1557 sunt,
966 1473 1263 1538 obsecret
1309 1472 1798 1558 obtesteturque
1842 1474 1911 1539 P.
1960 1472 2298 1550 Quinctius

275 1582 392 1647 per
439 1564 837 1626 senectutem
883 1583 959 1626 ac
1004 1560 1420 1626 solitudinem
1467 1583 1653 1627 suam
1696 1562 1862 1626 nihil
1909 1563 2114 1648 aliud,
2170 1564 2300 1628 nisi
2329 1581 2380 1623 1⁵

276 1653 352 1714 ut
394 1653 652 1714 vestrae
695 1652 969 1714 naturae
1014 1648 1423 1733 bonitatique
1470 1650 1955 1735 obsequamini,
1999 1655 2103 1735 ut,
2152 1673 2300 1717 cum

275 1736 520 1802 veritas
580 1759 728 1802 cum
780 1737 905 1802 hoc
960 1736 1186 1820 faciat,
1242 1738 1392 1823 plus
1446 1738 1638 1803 huius
1692 1738 1915 1823 inopia
1958 1739 2169 1824 possit
2215 1740 2297 1804 ad

170 1839 237 1887 92
276 1825 788 1891 misericordiam
833 1847 1032 1910 quam
1072 1825 1252 1891 illius
1300 1847 1455 1911 opes
1493 1827 1576 1891 ad
1612 1826 2080 1893 crudelitatem.
2141 1825 2295 1930 ‘Quo

276 1913 377 1978 die
424 1914 506 1978 ad
550 1918 617 1978 te
662 1913 939 1979 iudicem
983 1913 1297 1997 venimus,
1342 1914 1566 1979 eodem
1610 1915 1713 1979 die
1755 1915 2022 1980 illorum
2069 1917 2298 2000 minas,

274 2024 437 2087 quas
472 2006 635 2068 <ante
678 2002 1124 2086 horrebamus,
1167 2002 1516 2089 neglegere
1563 2002 1907 2088 coepimus
1986 2000 2055 2068 Si
2099 2026 2298 2070 causa
2324 2023 2381 2064 ιο

275 2112 423 2156 cum
467 2113 664 2157 causa
709 2090 1143 2173 contenderet,
1186 2112 1310 2156 nos
1353 2095 1650 2156 nostram
1693 2091 2001 2176 perfacile
2039 2093 2294 2176 quoivis

273 2179 665 2264 probaturos
703 2179 1185 2261 statuebamus3
1223 2179 1397 2263 quod
1432 2179 1607 2244 vitae
1642 2180 1814 2245 ratio
1853 2202 1998 2245 cum
2042 2180 2296 2245 ratione

273 2267 449 2332 vitae
505 2265 901 2349 decerneret,
953 2265 1191 2331 idcirco
1236 2266 1427 2334 nobis
1468 2268 1674 2332 etiam
1717 2268 1930 2354 magis
1976 2272 2044 2333 te
2086 2268 2296 2335 iudice

276 2373 439 2436 opus
487 2373 626 2417 esse
673 2353 977 2419 arbitrati
1024 2375 1263 2419 sumus.
1345 2353 1446 2421 Ea
1488 2377 1595 2421 res
1637 2378 1810 2421 nunc
1856 2357 2031 2421 enim
2064 2357 2136 2421 ιιι
2172 2356 2297 2421 dis-

275 2439 542 2506 crimine
600 2445 926 2525 versatur,
980 2445 1200 2507 utrum
1245 2443 1539 2526 possitne
1585 2465 1654 2508 se
1700 2447 1929 2509 contra
1976 2444 2295 2510 luxuriem
2323 2462 2379 2504 25

276 2549 351 2594 ac
408 2527 740 2594 licentiam
797 2529 1127 2595 rusticana
1179 2531 1301 2595 illa
1355 2535 1549 2615 atque
1605 2533 1854 2597 inculta
1896 2533 2298 2617 parsimonia

276 2615 614 2681 defendere
677 2639 763 2682 an
824 2617 1187 2684 deformata
1254 2622 1451 2703 atque
1525 2619 1921 2685 ornamentis
1996 2621 2295 2686 omnibus

168 2717 237 2767 93
275 2705 559 2790 spoliata
592 2705 767 2793 nuda
802 2706 1144 2791 cupiditati
1179 2707 1708 2792 petulantiaeque
1735 2707 2087 2774 addicatur.
2144 2708 2300 2775 Non

272 2797 611 2878 comparat
664 2815 734 2859 se
788 2798 1002 2860 tecum
1059 2795 1276 2880 gratia
1330 2794 1404 2861 P.
1449 2794 1814 2880 Quinctius,
1874 2794 2014 2861 Sex.
2067 2795 2297 2881 Naevi,

269 2903 426 2948 ιιοιι
440 2880 692 2966 opibus,
727 2904 858 2948 non
893 2882 1209 2949 facultate
1246 2883 1608 2966 contendit3
1652 2906 1875 2950 omnes
1912 2889 2061 2950 tuas
2100 2888 2295 2968 artes,
2324 2903 2380 2945 so

274 2970 507 3055 quibus
563 2974 638 3035 tu
692 2992 968 3057 magnus
1024 2993 1121 3055 es,
1183 2971 1310 3035 tibi
1364 2971 1685 3056 concedit3
1739 2972 1987 3037 fatetur
2039 2994 2109 3037 se
2162 2994 2298 3038 non

272 3058 444 3123 belle
491 3058 728 3142 dicere,
775 3078 912 3124 non
958 3059 1041 3124 ad
1081 3059 1488 3125 voluntatem
1533 3061 1716 3144 loqui
1760 3082 1978 3146 posse,
2031 3082 2166 3126 non
2211 3062 2296 3126 ab

274 3145 520 3212 afflicta
556 3147 845 3213 amicitia
884 3147 1296 3231 transfugere
1332 3151 1538 3232 atque
1585 3148 1668 3213 ad
1711 3147 2051 3214 florentem
2096 3147 2298 3214 aliam

274 3233 599 3320 devolare,
656 3256 791 3301 non
841 3234 1127 3320 profusis
1174 3235 1543 3337 sumptibus
1589 3237 1833 3320 vivere,
1885 3257 2018 3302 non
2065 3258 2297 3302 ornare

272 3322 614 3408 magnifice
651 3323 1111 3408 splendideque
1148 3323 1534 3408 convivium,
1575 3346 1711 3390 non
1744 3325 1986 3390 habere
2033 3325 2297 3391 domum
2325 3341 2379 3384 ss

273 3409 563 3474 clausam
599 3410 832 3496 pudori
868 3415 935 3477 et
980 3412 1465 3498 sanctimoniae,
1509 3416 1844 3498 patentem
1891 3416 2088 3498 atque
2135 3414 2297 3479 adeo

272 3498 636 3583 expositam
682 3499 1026 3584 cupiditati
1079 3504 1145 3565 et
1199 3501 1676 3586 voluptatibus3
1737 3506 1965 3568 contra
2021 3501 2147 3567 sibi
2202 3501 2301 3566 ait
