2566 4016
846 213 999 269 OAP.
1036 220 1249 271 48-50
1285 222 1316 282 s
1354 223 1647 275 139-145.
2176 220 2256 283 77

237 378 504 423 causam
550 356 721 421 laedi
765 360 979 441 putet,
1026 381 1170 423 cum
1218 357 1678 445 Chrysogonus
1723 363 2258 448 vituperetur,
2206 365 2219 377 ⁸

236 466 504 511 causam
560 444 852 529 ignorat,
920 466 989 510 se
1040 447 1257 530 ipsum
1312 448 1513 530 probe
1564 449 1776 531 novit3
1840 471 2034 515 causa
2085 452 2259 518 enim

238 531 640 617 splendidior
689 532 831 617 fiet,
886 533 943 597 si
994 534 1391 618 nequissimo
1450 535 1677 620 cuique
1722 537 2089 621 resistetur,
2146 540 2259 603 ille
2338 598 2343 603 .

237 620 761 705 improbissimus
827 619 1235 708 Chrysogoni
1296 622 1540 708 fautor,
1602 624 1716 707 qui
1769 624 1895 689 sibi
1940 589 2089 690 cum7
2142 626 2260 690 illo

157 735 184 777 5
238 710 563 774 rationem
616 709 1158 775 communicatam
1201 714 1412 795 putat,
1456 712 1762 795 laeditur,
1816 733 1961 777 cum
2008 713 2090 777 ab
2137 713 2260 778 hoc

237 796 585 882 splendore
632 817 865 861 causae
911 802 1265 882 separatur.

373 883 620 948 Verum
665 884 825 950 haec
871 885 1082 950 omnis
1129 886 1360 970 oratio,
1394 890 1480 970 ,ut
1524 887 1656 954 iam
1701 891 1852 953 ante
1894 888 2043 973 dixi,
2081 911 2225 953 mea
2265 899 2363 948 143

240 978 361 1055 est,
411 994 539 1056 qua
583 994 689 1036 me
735 973 833 1038 uti
878 993 982 1038 res
1025 974 1290 1057 publica
1336 978 1402 1039 et
1438 974 1624 1040 dolor
1661 997 1840 1041 meus
1879 981 1945 1041 et
1982 977 2257 1041 istorum

237 1060 480 1126 iniuria
544 1060 786 1161 coegit3
855 1058 996 1125 Sex.
1059 1060 1334 1127 Roscius
1396 1062 1630 1128 horum
1692 1063 1860 1127 nihil
1921 1064 2260 1149 indignum

163 1177 214 1217 ιο
239 1152 459 1234 putat,
531 1148 854 1212 neminem
939 1153 1226 1232 accusat,
1297 1149 1461 1213 nihil
1526 1150 1603 1214 de
1676 1170 1792 1215 suo
1865 1150 2258 1232 patrimonio

242 1236 565 1321 queritur3
627 1240 818 1319 putat
872 1236 1069 1301 homo
1122 1236 1463 1319 imperitus
1519 1259 1798 1320 morum,
1854 1237 2142 1322 agricola
2194 1240 2261 1301 et

241 1323 554 1405 rusticus,
603 1324 735 1388 ista
781 1324 1016 1406 omnia,
1061 1345 1225 1408 quae
1271 1345 1388 1389 vos
1434 1346 1549 1408 per
1593 1321 1843 1402 Sullam
1889 1327 2076 1409 gesta
2121 1346 2261 1389 esse

244 1412 478 1495 dicitis,
525 1433 721 1494 more,
765 1414 927 1497 lege,
971 1412 1110 1477 iure
1148 1411 1440 1497 gentium
1475 1411 1676 1496 facta3
1722 1399 1912 1496 culpa
1946 1412 2260 1478 liberatus

243 1505 310 1566 et
369 1499 637 1565 crimine
698 1499 947 1565 nefario
1013 1501 1266 1565 solutus
1331 1499 1508 1583 cupit
1571 1522 1610 1565 a
1670 1500 1856 1567 vobis
1903 1501 2257 1584 discedere3

166 1614 216 1656 15
245 1590 301 1654 si
362 1588 486 1653 hac
550 1587 819 1688 indigna
872 1588 1232 1671 suspicione
1297 1592 1540 1671 careat,
1605 1588 1819 1654 animo
1885 1611 2089 1675 aequo
2159 1610 2227 1654 se
2266 1601 2367 1648 144

246 1698 463 1743 carere
519 1676 653 1739 suis
711 1675 1009 1741 omnibus
1069 1676 1423 1742 commodis
1489 1639 1671 1759 d'icit3
1735 1681 1927 1763 rogat
1991 1681 2261 1761 oratque

244 1770 331 1866 te,
372 1763 816 1848 Chrysogone,
862 1764 918 1828 si
960 1764 1127 1828 nihil
1165 1763 1242 1828 de
1278 1764 1488 1848 patris
1522 1763 1803 1828 fortunis
1842 1764 2262 1848 amplissimis

245 1854 317 1916 in
373 1872 554 1915 suam
608 1873 746 1915 rem
801 1852 1147 1935 convertit,
1207 1852 1264 1915 si
1318 1852 1501 1915 nulla
1552 1851 1623 1914 in
1674 1872 1744 1915 re
1796 1855 1865 1915 te
1918 1850 2263 1932 fraudavit,

251 1940 309 2004 si
354 1939 479 2003 tibi
523 1940 769 2023 optima
812 1939 937 2003 fide
985 1961 1101 2004 sua
1147 1939 1365 2002 omnia
1410 1937 1753 2019 concessit,
1800 1901 2264 2022 adnumeravit,

167 2054 220 2095 20
250 2027 575 2112 adpendit,
621 2028 677 2092 si
714 2028 1042 2111 vestitum,
1087 2048 1214 2110 quo
1251 2026 1392 2109 ipse
1428 2029 1638 2090 tectus
1676 2028 1834 2107 erat,
1875 2026 2264 2109 anulumque

249 2117 326 2184 de
373 2115 583 2203 digito
630 2138 819 2181 suum
862 2115 987 2179 tibi
1032 2113 1331 2198 tradidit,
1386 2113 1443 2177 si
1488 2135 1566 2177 ex
1611 2074 1909 2177 omnib’us
1957 2112 2149 2177 rebus
2196 2134 2265 2179 se

246 2205 462 2290 ipsum
520 2203 765 2268 nudum
819 2225 1027 2287 neque
1080 2204 1418 2287 praeterea
1472 2201 1813 2286 quicquam
1858 2201 2133 2285 excepit,
2190 2204 2266 2266 ut

248 2292 376 2358 sibi
430 2312 547 2376 per
599 2295 666 2356 te
720 2291 913 2356 liceat
966 2291 1296 2355 innocenti
1350 2289 1700 2355 amicorum
1748 2289 1978 2372 opibus
2024 2289 2229 2355 vitam

245 2381 317 2445 in
372 2383 665 2464 egestate
720 2378 969 2464 degere
1068 2377 1343 2443 Praedia
1396 2400 1541 2443 mea
1596 2381 1671 2442 tu
1724 2378 2041 2463 possides,
2105 2400 2226 2466 ego
2270 2345 2371 2471 1542

166 2491 220 2534 25
250 2468 463 2533 aliena
525 2466 965 2532 misericordia
1025 2466 1200 2549 vivo3
1263 2466 1567 2548 concedo,
1630 2469 1697 2529 et
1752 2466 1924 2549 quod
1978 2467 2230 2532 animus

252 2577 493 2640 aequus
530 2557 649 2638 est,
669 2557 753 2618 -et
790 2555 942 2638 quia
976 2575 1235 2620 necesse
1273 2557 1390 2618 est.
1460 2552 1608 2617 Mea
1645 2552 1871 2618 domus
1909 2554 2033 2619 tibi
2066 2558 2267 2638 patet,

249 2643 415 2708 mihi
468 2642 692 2708 clausa
746 2645 873 2724 est3
925 2641 1081 2706 fero.
1171 2639 1451 2705 Familia
1495 2662 1639 2705 mea
1684 2641 1965 2706 maxima
2010 2645 2084 2705 tu
2127 2644 2265 2705 ute-
2374 2641 2378 2646 ’

252 2731 372 2812 ris,
433 2751 554 2816 ego
620 2750 877 2795 servum
932 2729 1138 2794 habeo
1202 2729 1483 2812 nullum3
1545 2728 1761 2814 patior
1817 2733 1882 2794 et
1933 2727 2266 2792 ferendum

252 2820 433 2903 pute.
477 2817 648 2895 Quid
666 2817 766 2883 vis
788 2817 1113 2900 amplius?
1141 2816 1332 2901 quid
1313 2817 1689 2900 msequeriS,
1710 2816 1864 2900 quid
1882 2815 2265 2900 oppugnas?

95 2939 101 2944 ·
169 2931 225 2972 so
254 2928 386 2990 qua
437 2906 508 2970 in
558 2927 630 2970 re
684 2908 866 2969 tuam
920 2905 1327 2970 voluntatem
1386 2904 1556 2969 laedi
1609 2927 1650 2968 a
1703 2927 1806 2969 me
1850 2904 2089 2986 putas?
2153 2901 2268 2966 ubi

249 2995 383 3059 tuis
430 2993 785 3058 commodis
832 2991 1089 3058 officio?
1135 2992 1292 3076 quid
1335 2992 1460 3056 tibi
1497 2993 1732 3057 obsto?
1805 2988 1874 3055 Si
1911 2991 2267 3090 spoliorum

251 3103 448 3147 causa
503 3081 602 3145 vis
657 3081 988 3145 hominem
1044 3079 1356 3163 occidere,
1413 3079 1737 3163 spoliasti3
1804 3078 1958 3162 quid
2012 3076 2267 3161 quaeris

251 3168 580 3255 amplius?
636 3169 694 3232 si
745 3167 1257 3250 inimicitiarum,
1315 3189 1479 3251 quae
1525 3171 1675 3231 sunt
1721 3166 1844 3231 tibi
1892 3164 2268 3229 inimicitiae

248 3279 399 3323 cum
456 3278 560 3339 e0,
623 3255 839 3321 cuius
858 3260 1009 3320 ante
1061 3255 1328 3338 praedia
1378 3253 1750 3338 possedisti,
1805 3274 2000 3353 quam
2053 3253 2273 3336 ipsum

166 3368 220 3410 35
247 3343 663 3430 cognovisti?
720 3343 775 3408 si
831 3347 1068 3426 metus,
1128 3341 1212 3406 ab
1267 3363 1424 3407 eone
1472 3341 1728 3443 aliquid
1759 3339 2020 3423 metuis,
2076 3363 2268 3424 quem

245 3433 432 3497 vides
486 3431 704 3515 ipsum
759 3431 841 3495 ab
901 3452 968 3494 se
1022 3434 1159 3494 tam
1207 3433 1493 3494 atrocem
1538 3428 1842 3494 iniuriam
1885 3429 2265 3513 propulsare

249 3540 384 3584 non
429 3521 665 3603 posse?
716 3518 841 3602 sin,
896 3518 1067 3602 quod
1111 3517 1311 3601 bona,
1357 3538 1520 3600 quae
1564 3515 1703 3584 Sem.
1748 3515 1944 3583 Rosci
1987 3516 2266 3599 fuerunt,
