2566 4016
372 222 506 288 434
767 187 776 195 ’
965 218 1045 272 m
1084 218 1140 273 e.
1177 218 1487 274 VERREM
1520 219 1680 283 Ac'r.
1718 219 1787 272 11.

374 387 449 431 ea
506 363 825 429 facilitate
878 367 1274 448 praetorem,
1333 367 1408 427 ut
1464 363 1545 428 ab
1602 385 1677 427 eo
1734 384 2068 428 servorum
2129 363 2422 430 sceleris

295 501 304 505 ,
374 453 964 536 coniurationisque
1024 451 1480 516 damnatorum
1536 451 1673 515 vita
1727 451 1832 515 vel
1887 450 2033 533 ipso
2089 452 2421 518 carnifice

372 541 771 606 internuntio
817 539 1285 605 redimeretur?

267 604 337 730 1}
508 628 718 705 Quid?
781 629 905 694 hoc
957 628 1028 691 in
1063 626 1515 712 Apolloniensi
1550 624 2000 710 AristodamO,
2057 626 2276 709 quid?
2348 628 2422 691 in

374 717 619 782 Leonte
682 715 1123 782 Imacharensi
1191 736 1325 779 non
1395 714 1566 779 idem
1629 713 1889 779 fecisti?
1989 711 2206 789 Quid?
2283 715 2419 780 iste
2445 736 2469 776 5

376 810 593 870 motus
632 804 1043 869 servitiorum
1080 803 1363 887 bellique
1403 802 1622 867 subita
1668 802 1951 886 suspicio
1997 806 2230 866 utrum
2286 803 2420 868 tibi

374 893 640 957 tandem
678 891 1084 977 diligentiam
1121 889 1576 956 custodiendae
1613 890 1985 976 provinciae
2023 911 2109 954 an
2156 911 2418 956 novam

375 980 694 1045 rationem
747 979 1211 1063 inprobissumi
1268 981 1575 1060 quaestus
1623 977 1895 1042 attulit?
1974 975 2417 1061 Halicyensis

374 1067 801 1149 Eumenidae,
859 1066 1096 1132 nobilis
1152 1065 1438 1130 hominis
1494 1068 1560 1130 et
1613 1064 1900 1147 honesti,
1956 1085 2245 1150 magnae
2306 1089 2416 1151 pe-

377 1155 602 1221 cuniae
672 1155 901 1220 vilicus
973 1176 1119 1219 cum
1189 1153 1454 1236 inpulsu
1525 1156 1640 1217 tuo
1712 1153 2129 1217 insimulatus
2207 1160 2415 1239 esset,
2439 1176 2473 1214 ιο

375 1242 489 1308 HS
534 1245 630 1310 ΙἙ(
677 1265 717 1308 a
769 1241 1029 1308 domino
1087 1241 1419 1325 accepisti,
1474 1239 1644 1324 quod
1697 1262 1905 1324 nuper
1952 1242 2091 1325 ipse
2138 1241 2413 1308 iuratus

379 1332 595 1397 docuit
664 1352 854 1414 quem
919 1329 1000 1394 ad
1064 1330 1327 1394 modum
1392 1332 1647 1413 gestum
1713 1332 1902 1393 esset.
2000 1326 2109 1393 Ab
2180 1333 2415 1414 equite

376 1420 671 1483 Romano
737 1415 806 1482 O.
851 1417 1158 1481 Matrinio
1225 1417 1520 1500 absente,
1583 1438 1729 1481 cum
1787 1417 1845 1480 is
1902 1419 2072 1480 esset
2127 1416 2415 1503 Romae,

381 1506 553 1590 quod
624 1505 760 1569 eius
832 1504 1060 1569 vilicos
1133 1507 1560 1588 pastoresque
1632 1504 1756 1568 tibi
1818 1505 1887 1568 in
1957 1505 2413 1588 suspicionem
2498 1542 2499 1571 ι

377 1593 632 1658 venisse
660 1592 931 1675 dixeras,
966 1587 1078 1654 HS
1103 1592 1200 1656 BE
1230 1592 1581 1656 abstulisti.
1648 1590 1833 1656 Dixit
1870 1592 1991 1657 hoc
2018 1591 2089 1656 L.
2107 1591 2414 1680 Flavius,
2437 1588 2499 1653 15'

381 1680 493 1765 qui
536 1680 660 1745 tibi
707 1701 850 1744 eam
896 1679 1235 1764 pecuniam
1278 1679 1674 1763 numeravit,
1720 1683 2103 1763 procurator
2156 1679 2233 1746 C.
2277 1683 2414 1749 Ma·

379 1769 563 1853 trini,
618 1769 780 1833 dixit
837 1768 977 1852 ipse
1026 1766 1400 1850 MatriniuS,
1455 1766 1613 1832 dicit
1657 1767 1757 1832 vir
1801 1768 2246 1854 clarissimuS‚
2302 1771 2412 1838 Cn.

378 1857 693 1922 Lentulus
759 1878 1012 1940 censor,
1078 1856 1189 1940 qui
1240 1855 1511 1920 Matrini
1574 1855 1840 1920 honoris
1896 1877 2088 1921 causa
2149 1861 2413 1925 recenti

379 1945 645 2033 negotio
692 1944 774 2011 ad
818 1948 886 2010 te
933 1945 1187 2010 litteras
1236 1944 1416 2008 misit
1462 1943 1938 2029 mittendasque
1984 1946 2276 2012 curavit.
2498 1976 2499 1983 ¹

278 2049 345 2098 16
515 2033 725 2110 Quid?
789 2033 867 2098 de
912 2033 1295 2117 Apolloni0,
1356 2032 1572 2097 Diocli
1631 2033 1798 2117 filio,
1858 2031 2463 2121 Panhormitamst

380 2122 484 2188 cui
530 2121 805 2187 Gemino
852 2142 1211 2207 cognomen
1257 2125 1377 2205 est,
1420 2120 1762 2206 praeteriri
1804 2122 2067 2204 potest?
2140 2122 2411 2210 Ecquid

379 2210 505 2276 hoc
540 2214 686 2275 tota
721 2207 942 2274 Sicilia
977 2210 1234 2293 clariUS,
1272 2208 1498 2292 ecquid
1532 2207 1879 2294 indigniuS,
1926 2209 2158 2292 ecquid
2197 2215 2411 2278 mani·

380 2297 612 2363 festius
657 2295 946 2381 proferri
984 2297 1245 2380 potest?
1330 2295 1552 2380 Quem,
1596 2300 1673 2360 ut
1705 2296 2154 2361 Panhormum
2203 2303 2411 2385 venit,

383 2385 463 2450 ad
528 2406 597 2449 se
658 2383 878 2449 vocari
942 2386 1008 2447 et
1073 2384 1149 2448 de
1211 2384 1530 2449 tribunali
1588 2384 1776 2450 citari
1830 2385 2021 2449 iussit
2074 2407 2410 2456 concursu

381 2492 620 2557 magno
705 2469 1195 2556 frequentiaque
1277 2475 1651 2537 conventus.
1765 2471 2078 2538 Homines
2169 2479 2407 2543 statim
2430 2494 2462 2534 ¹⁵

380 2558 586 2643 loqui:
644 2557 986 2642 ‘Mirabar,
1042 2560 1214 2644 quod
1265 2559 1684 2644 Apollonius,
1738 2560 1933 2626 homo
1987 2565 2409 2652 pecuniosus,

379 2652 521 2713 tam
574 2646 684 2711 diu
739 2647 821 2711 ab
875 2646 1006 2713 isto
1061 2652 1353 2712 maneret
1401 2648 1681 2734 integer3
1735 2648 2130 2733 excogitavit
2177 2656 2407 2721 nescio

384 2735 563 2821 quid,
627 2735 880 2819 attulit3
941 2735 1232 2820 profecto
1296 2736 1492 2801 homo
1549 2736 1726 2801 dives
1779 2740 2046 2819 repente
2101 2759 2146 2803 a
2193 2740 2407 2808 Verre

381 2846 513 2889 non
551 2823 689 2889 sine
726 2845 921 2889 causa
956 2823 1236 2889 citatur?
1308 2822 1694 2908 Expectatio
1741 2846 1994 2890 summa
2033 2825 2405 2916 hominum,

385 2912 690 2997 quidnam
752 2911 819 2976 id
871 2915 1082 2996 esset,
1144 2933 1290 2977 cum
1355 2911 1756 2977 exanimatus
1821 2913 2037 2978 subito
2099 2914 2252 2999 ipse
2311 2941 2404 2985 ac·
2424 2919 2493 2992 Μ

383 3000 586 3066 currit
631 3021 776 3065 cum
823 2999 1230 3065 adulescente
1273 2999 1440 3083 filio3
1489 3021 1642 3064 nam
1686 3003 1874 3085 pater
1920 3002 2190 3086 grandis
2238 3012 2403 3072 natu
2492 3013 2493 3090 1

278 3102 345 3151 17
383 3089 516 3154 iam
553 3088 662 3153 diu
698 3088 867 3153 lecto
912 3088 1271 3152 tenebatur.
1350 3086 1666 3152 Nominat
1708 3088 1835 3153 iste
1881 3110 2158 3174 servum,
2207 3114 2401 3176 quem

383 3176 772 3262 magistrum
818 3176 1068 3260 pecoris
1116 3196 1255 3240 esse
1303 3174 1581 3259 diceret,
1626 3198 1770 3241 eum
1819 3176 1975 3242 dicit
2019 3179 2401 3247 coniurasse

384 3266 451 3330 et
502 3264 787 3328 familias
843 3263 1217 3329 concitasse.
1303 3262 1368 3328 Is
1424 3263 1686 3329 omnino
1743 3271 1965 3330 servus
2018 3265 2087 3330 in
2140 3266 2402 3335 familia
2492 3291 2493 3358 χ

382 3373 515 3416 non
578 3355 736 3416 erat.
834 3350 1004 3417 Eum
1069 3351 1295 3417 statim
1360 3351 1647 3417 exhiberi
1710 3352 1908 3417 iubet.
1999 3353 2399 3438 Apollonius
2419 3371 2451 3412 ἔ

384 3438 727 3505 adfirmare
780 3460 851 3504 se
906 3439 1167 3505 omnino
1221 3440 1481 3504 nomine
1534 3440 1652 3505 illo
1699 3446 1954 3506 servum
2001 3440 2249 3508 habere
2296 3468 2398 3511 ne-

382 3523 642 3606 minem.
728 3523 865 3590 Iste
917 3527 1247 3592 hominem
1304 3528 1517 3612 abripi
1574 3551 1613 3593 a
1664 3528 1982 3594 tribunali
2027 3532 2093 3594 et
2137 3531 2211 3596 in
2259 3555 2397 3599 car·
