2566 4016
254 868 320 918 81

355 186 485 250 398
958 182 1036 236 IN
1076 181 1132 236 C.
1162 180 1471 235 VERREM
1508 180 1666 236 ACT.
1702 181 1771 234 H.

353 327 613 395 Adsunt
641 329 707 391 et
732 325 1107 410 implorant.
1171 324 1370 390 Potes
1400 323 1791 409 domesticae
1818 322 2030 388 laudis
2064 324 2373 408 amplitu-

355 416 589 499 dinem,
625 412 859 499 Scipio,
895 413 1083 496 tueri‚
1117 416 1334 497 potes3
1372 412 1590 477 omnia
1627 414 1778 476 sunt
1813 411 1885 476 in
1922 415 2006 495 te,
2053 432 2218 496 quae
2258 417 2375 478 aut

354 503 619 569 fortuna
652 500 1026 568 hominibus
1063 505 1180 567 aut
1213 504 1453 565 natura
1488 500 1796 585 largitur3
1840 521 1974 564 non
2017 521 2374 585 praecerpo

353 591 638 657 fructum
663 589 860 655 officii
881 591 997 673 tui,
1024 610 1157 654 non
1181 589 1462 655 alienam
1486 588 1648 652 mihi
1671 587 1929 652 laudem
1958 587 2213 670 adpet0,
2240 609 2378 654 non

356 683 459 744 est
497 678 762 764 pudoris
808 677 937 743 mei
971 677 1043 741 P.
1072 675 1389 762 Scipione,
1434 675 1895 742 florentissimo
1943 675 2375 758 adulescente,
2403 696 2431 736 5

355 768 504 833 vivo
545 770 612 832 et
646 765 956 831 incolumi
996 787 1100 830 me
1144 767 1700 850 propugnatorem
1748 766 2376 846 [monumentorum]

357 855 429 920 P.
455 853 775 938 Scipionis
814 851 1342 936 defensoremque
1378 851 1690 937 profiteri.
1763 850 2091 925 Quam.ob
2129 873 2272 916 rem
2321 854 2380 917 si

358 942 631 1026 suscipis
670 940 1061 1006 domesticae
1098 939 1311 1005 laudis
1346 939 1802 1024 patrocinium,
1849 961 1952 1004 me
1987 960 2120 1004 non
2158 941 2381 1005 solum

357 1031 549 1094 silere
622 1028 701 1094 de
762 1028 998 1094 vestris
1062 1027 1500 1093 monumentis
1565 1026 1923 1112 oportebit,
1998 1026 2109 1093 sed
2175 1028 2383 1092 etiam

355 1117 593 1183 laetari
642 1117 718 1184 P.
757 1116 1055 1182 Africani
1108 1115 1245 1181 eius
1301 1115 1477 1181 modi
1529 1115 1862 1180 fortunam
1916 1137 2056 1180 esse
2111 1117 2382 1201 mortui,
2412 1138 2458 1176 ιο

355 1211 432 1272 ut
477 1206 613 1271 eius
657 1205 868 1271 honos
913 1205 997 1270 ab
1042 1203 1152 1288 iis,
1214 1204 1326 1290 qui
1372 1225 1449 1268 ex
1494 1203 1719 1269 eadem
1764 1202 2017 1268 familia
2062 1203 2221 1286 sint,
2272 1205 2383 1269 de-

358 1294 661 1360 fendatur
685 1314 894 1377 neque
922 1292 1131 1357 ullum
1165 1291 1599 1357 adventicium
1638 1291 1951 1357 auxilium
1987 1291 2384 1375 requiratur.

359 1381 474 1447 Sin
517 1382 709 1446 istius
757 1380 1043 1446 amicitia
1087 1384 1154 1444 te
1198 1379 1499 1465 impedit,
1554 1379 1611 1443 si
1663 1377 1816 1462 hoc,
1867 1379 2040 1462 quod
2085 1400 2209 1464 ego
2259 1381 2384 1444 abs

357 1474 426 1535 te
480 1469 742 1554 postulo
752 1517 771 1550 ,
835 1467 1050 1532 minus
1107 1465 1189 1531 ad
1245 1466 1530 1532 officium
1584 1471 1770 1532 tuum
1825 1466 2152 1551 pertinere
2207 1467 2385 1532 arbi-

358 1557 635 1639 trabere,
681 1554 1018 1620 succedam
1057 1575 1178 1639 ego
1216 1554 1496 1619 vicarius
1542 1558 1657 1619 tuo
1704 1555 1974 1637 muneri,
2022 1555 2384 1640 suscipiam
2412 1574 2456 1615 ιε»

358 1648 609 1730 partes,
679 1664 841 1727 quas
915 1642 1161 1706 alienas
1227 1663 1368 1706 esse
1434 1642 1824 1706 arbitrabar.
1931 1641 2182 1707 Deinde
2245 1644 2389 1709 ista

360 1733 698 1818 praeclara
747 1730 1061 1796 nobilitas
1116 1730 1370 1795 desinat
1412 1730 1602 1814 queri
1646 1731 1960 1814 populum
2006 1730 2388 1797 Romanum

358 1820 732 1887 hominibus
776 1818 965 1883 novis
1010 1817 1349 1883 industriis
1393 1818 1695 1883 lubenter
1740 1818 2019 1883 honores
2066 1820 2388 1885 mandare

360 1929 741 1993 semperque
776 1907 1138 1973 mandasse.
1198 1906 1352 1972 Non
1388 1909 1490 1971 est
1525 1905 1921 1989 querendum
1956 1906 2025 1970 in
2060 1906 2185 1972 hac
2227 1909 2392 1973 civi·
2510 1924 2511 1977 ἰ

360 2001 527 2081 tate,
582 2019 746 2081 quae
799 2000 1068 2081 propter
1121 1995 1432 2060 virtutem
1487 1993 1787 2060 omnibus
1837 1994 2214 2060 nationibus
2264 1997 2390 2064 im·
2415 2013 2461 2055 a·

359 2088 566 2171 perat,
601 2085 914 2149 virtutem
940 2084 1296 2167 plurimum
1328 2103 1537 2167 posse.
1603 2080 1704 2147 Sit
1741 2083 1912 2167 apud
1949 2083 2113 2148 alios
2150 2083 2390 2171 imago

359 2173 430 2237 P.
466 2172 789 2256 Africani,
843 2175 1154 2237 ornentur
1207 2171 1323 2236 alii
1376 2170 1619 2235 mortui
1676 2170 1918 2235 virtute
1964 2193 2040 2236 ac
2083 2174 2391 2257 nomine3

359 2261 515 2326 talis
552 2261 667 2325 ille
707 2259 809 2323 vir
850 2258 996 2341 fuit,
1041 2258 1136 2324 ita
1182 2257 1259 2322 de
1281 2253 1550 2342 'populo
1595 2257 1893 2324 Romano
1940 2260 2213 2324 meritus
2266 2267 2394 2345 est,

360 2352 436 2414 ut
486 2369 619 2412 non
671 2346 785 2410 uni
825 2345 1153 2428 familiae,
1208 2346 1321 2410 sed
1365 2345 1704 2410 universae
1750 2346 2003 2413 civitati
2049 2369 2392 2414 commen-

363 2436 552 2499 datus
591 2454 731 2497 esse
779 2433 1028 2498 debeat.
1099 2433 1226 2498 Est
1271 2432 1493 2517 aliqua
1537 2455 1683 2499 mea
1727 2456 1880 2519 pars
1926 2435 2153 2518 virilis,
2203 2438 2393 2521 quod
2419 2453 2465 2494 2⁵

362 2523 499 2587 eius
545 2521 852 2602 civitatis*
877 2543 1050 2605 sum,
1096 2543 1293 2605 quam
1338 2521 1451 2586 ille
1498 2523 1812 2606 amplam,
1855 2523 2202 2588 inlustrem
2251 2528 2396 2591 cla-

361 2630 630 2695 ramque
692 2608 997 2694 reddidit,
1059 2610 1403 2695 praecipue
1470 2610 1642 2693 quod
1702 2610 1773 2673 in
1834 2610 1938 2675 his
2001 2612 2198 2676 rebus
2262 2636 2397 2697 pro

364 2721 510 2764 mea
544 2701 731 2783 parte
768 2719 1007 2781 versor,
1053 2720 1329 2782 quarum
1364 2697 1477 2761 ille
1513 2698 1812 2782 princeps
1848 2697 1991 2781 fuit,
2028 2700 2397 2786 aequitate,

362 2785 708 2870 industria,
779 2787 1236 2871 temperantia,
1310 2785 1680 2850 defensione
1745 2786 2157 2871 miserorum,
2229 2791 2396 2855 odio

361 2875 1044 3030 fflffiffiffi
1066 2873 1856 3046 “gsinssssifflffss'rgffl
1886 2875 2395 3046 Ξῖῗᾞῗξίξὲ
2421 2894 2467 2934 ’⁰

2016 3012 2035 3046 2

258 3098 343 3163 38
365 3050 801 3134 delectamini,
849 3050 1103 3136 generis
1150 3052 1217 3114 et
1260 3049 1561 3114 nominis.

258 3175 327 3225 82

494 3139 745 3224 Repeto
793 3138 910 3203 abs
955 3142 1049 3222 te,
1093 3136 1332 3202 Verres
1340 3187 1359 3220 ,
1407 3140 1900 3202 monumentum
1944 3137 2015 3203 P.
2055 3138 2398 3225 Africani3

363 3249 625 3292 causam
671 3224 1062 3309 Siculorum,
1117 3247 1313 3308 quam
1359 3225 1638 3309 suscepi,
1692 3225 2014 3311 relinque,
2068 3227 2397 3294 iudicium

362 3314 440 3377 de
492 3314 781 3397 pecuniis
835 3313 1208 3399 repetundis
1261 3334 1345 3377 ne
1400 3312 1488 3377 sit
1533 3313 1657 3378 hoc
1702 3318 2023 3398 tempore,
2079 3311 2466 3402 Segesta-³⁶

360 3419 593 3463 norum
645 3401 917 3465 iniuriae
968 3403 1429 3487 neglegantur3
1482 3401 1658 3466 basis
1703 3400 1776 3465 P.
1815 3398 2135 3486 Scipionis
2189 3407 2396 3470 resti·

363 3488 613 3566 tuatur,
670 3507 906 3552 nomen
959 3488 1185 3553 invicti
1237 3489 1654 3573 imperatoris
1710 3489 2058 3574 incidatur,
2115 3491 2398 3578 signnm
