2566 4016
313 216 445 280 314
901 215 980 269 IN
1019 215 1076 270 C.
1115 215 1425 271 VERREM
1458 215 1619 271 ACT.
1658 215 1724 271 Π.

311 382 444 425 non
480 381 668 426 suum
710 360 1047 446 negotium
1096 359 1420 445 gessisse?
1500 358 1600 424 Ea
1646 362 1745 424 est
1791 359 1964 423 enim
2009 359 2181 424 ratio
2234 359 2358 423 de-

313 469 750 532 cumanorum,
786 452 861 513 ut
889 448 1027 513 sine
1053 448 1356 532 plurimis
1384 447 1625 512 litteris
1658 446 1886 512 confici
1922 468 2054 511 non
2091 446 2352 531 possit3

314 537 574 621 singula
633 536 804 601 enim
857 536 1123 600 nomina
1176 539 1512 601 aratorum
1558 539 1624 599 et
1668 557 1814 600 cum
1861 535 2138 620 singulis
2185 557 2350 619 pac-

313 624 525 690 tiones
577 624 1074 690 decumanorum
1118 624 1360 688 litteris
1407 623 1707 707 persequi
1750 626 1818 687 et
1864 623 2177 688 conficere
2223 645 2347 687 ne-

316 733 492 777 cesse
521 716 637 777 est.
709 712 947 798 Iugera
970 711 1249 796 professi
1277 715 1431 777 sunt
1467 733 1689 776 omnes
1728 714 2019 775 aratores
2055 711 2343 792 imperio
2376 731 2405 771 5

317 804 511 883 atque
545 800 851 865 instituto
889 803 1032 884 tuo;
1071 822 1204 865 non
1241 799 1473 884 opinor
1511 821 1902 884 quemquam
1939 798 2152 863 minus
2191 819 2341 863 esse

313 888 705 971 professum,
770 910 966 971 quam
1022 891 1337 971 quantum
1392 890 1642 952 arasset
1650 937 1668 971 ,
1734 909 1880 952 cum
1934 890 2038 951 tot
2092 908 2340 970 cruces,

312 979 415 1039 tot
470 975 814 1060 supplicia,
866 979 970 1040 tot
1025 998 1103 1041 ex
1157 975 1424 1040 cohorte
1477 979 1961 1058 recuperatores
2016 996 2340 1059 propone-

312 1066 554 1128 rentur.
644 1064 724 1127 In
776 1063 1003 1149 iugero
1049 1062 1355 1128 Leontini
1409 1063 1553 1148 agri
1596 1062 1992 1128 medimnum
2036 1062 2172 1127 fere
2219 1064 2339 1126 tri-

314 1150 430 1215 tici
498 1151 736 1216 seritur
797 1155 1110 1235 perpetua
1173 1156 1368 1236 atque
1434 1151 1757 1235 aequabili
1823 1151 2099 1234 satione3
2174 1172 2336 1236 ager
2373 1174 2433 1214 ιο

316 1238 516 1304 efficit
566 1263 712 1305 cum
758 1244 1015 1323 octavo,
1069 1240 1233 1304 bene
1277 1243 1353 1304 ut
1399 1243 1660 1325 agatur3
1714 1244 1938 1303 verum
1983 1242 2059 1304 ut
2104 1261 2333 1304 omnes

317 1327 383 1391 di
445 1328 777 1411 adiuvent,
841 1350 986 1392 cum
1040 1328 1326 1393 decumo.
1417 1327 1600 1402 Quod
1655 1327 1713 1392 si
1766 1327 2021 1411 quando
2079 1328 2333 1411 accidit,

314 1417 457 1478 tum
492 1415 589 1497 fit,
632 1418 708 1480 ut
743 1418 998 1480 tantum
1039 1416 1344 1481 decumae
1391 1415 1495 1499 sit,
1541 1419 1856 1498 quantum
1903 1415 2162 1498 severis,
2207 1415 2334 1481 hoc

315 1504 416 1566 est
468 1505 570 1586 ut,
626 1505 786 1584 quot
838 1503 1068 1587 iugera
1122 1503 1257 1567 sint
1308 1506 1479 1587 sata,
1532 1503 1807 1568 totidem
1853 1503 2179 1568 medimna
2224 1503 2334 1568 de-

212 1600 313 1649 113
350 1609 575 1654 cumae
622 1590 996 1654 debeantur.
1076 1589 1220 1655 Hoc
1270 1612 1418 1656 cum
1462 1592 1559 1655 ita
1603 1594 1793 1674 esset,
1837 1591 2120 1674 primum
2164 1590 2330 1657 illud
2363 1613 2421 1656 ιε

315 1675 483 1761 dico,
550 1678 846 1761 pluribus
912 1677 1177 1742 milibus
1245 1679 1642 1744 medimnum
1708 1679 1963 1745 venisse
2027 1680 2328 1745 decumas

315 1765 459 1851 agri
503 1764 833 1850 Leontini,
887 1787 1082 1850 quam
1137 1770 1297 1851 quot
1350 1768 1533 1832 milia
1576 1767 1874 1852 iugerum
1920 1771 2066 1833 sata
2113 1773 2328 1833 essent

313 1854 384 1918 in
439 1875 598 1939 agro
645 1854 982 1920 Leontino,
1064 1853 1307 1930 Quodsi
1360 1856 1503 1920 fieri
1545 1877 1679 1920 non
1720 1859 2006 1941 poterat,
2059 1860 2135 1920 ut
2179 1857 2328 1940 plus

316 1964 511 2027 quam
566 1962 614 2008 x
681 1944 1006 2010 medimna
1070 1965 1148 2008 ex
1210 1943 1438 2030 iugero
1503 1947 1869 2029 exararent,
1932 1944 2328 2010 medimnum

313 2036 519 2097 autem
561 2054 637 2097 ex
682 2033 908 2119 iugero
955 2033 1309 2098 decumano
1357 2033 1498 2098 dari
1543 2033 1915 2117 oportebat,
1960 2055 2105 2098 cum
2152 2054 2327 2119 ager,
2353 2055 2408 2095 πο

313 2118 380 2182 id
428 2122 600 2203 quod
644 2143 911 2205 perraro
959 2122 1199 2204 evenit,
1247 2144 1393 2186 cum
1439 2121 1703 2187 decumo
1751 2121 2113 2205 extulisset,
2161 2143 2331 2204 quae

314 2211 456 2271 erat
493 2208 662 2272 ratio
710 2208 1099 2291 decumanis,
1147 2209 1466 2292 siquidem
1512 2209 1813 2274 decumae
1860 2232 1935 2274 ac
1978 2231 2110 2274 non
2152 2209 2326 2273 bona

312 2295 622 2358 venibant
685 2300 1047 2377 aratorum,
1110 2299 1184 2359 ut
1238 2297 1535 2379 pluribus
1593 2297 1930 2381 aliquanto
1984 2296 2325 2361 medimnis

314 2381 611 2445 decumas
649 2384 952 2463 emerent,
1000 2403 1195 2464 quam
1231 2384 1460 2469 iugera
1498 2388 1687 2449 erant
1732 2385 1922 2450 sata?
2001 2384 2081 2449 In
2124 2384 2326 2449 Leon-

311 2467 450 2530 tino
513 2468 812 2552 iugerum
875 2470 1267 2554 subscriptio
1335 2493 1408 2537 ac
1461 2472 1780 2556 professio
1835 2495 1968 2537 non
2021 2475 2121 2537 est
2174 2474 2323 2557 plus
2350 2493 2399 2533 25

208 2561 290 2625 48
311 2556 484 2639 ἷΧΞς
539 2556 841 2622 decumae
891 2559 1124 2623 {HV—1
1177 2559 1573 2624 medimnum
1627 2560 1982 2626 venierunt.
2059 2559 2326 2625 Erravit

313 2648 427 2709 aut
467 2645 685 2730 potius
721 2645 1032 2711 insanivit
1068 2647 1443 2731 Apronius?
1524 2648 1731 2713 Immo
1767 2652 1912 2713 tum
1955 2648 2325 2731 insanisset,

313 2733 369 2798 si
416 2733 783 2799 aratoribus
827 2733 912 2818 id,
958 2736 1129 2818 quod
1176 2734 1503 2818 deberent,
1548 2736 1799 2800 licitum
1846 2740 2018 2801 esset
2064 2739 2130 2801 et
2174 2758 2324 2820 non,

315 2822 488 2906 quod
533 2821 861 2905 Apronius
908 2823 1322 2907 imperasset,
1367 2844 1625 2888 necesse
1669 2823 1903 2888 fuisset
1949 2825 2117 2889 dare.

210 2920 312 2968 114
448 2907 518 2974 Si
592 2911 861 2975 ostendo
933 2911 1148 2975 minus
1212 2911 1425 2975 tribus
1487 2910 1830 2976 medimnis
1892 2912 1964 2976 in
2025 2913 2324 2999 iugerum
2350 2932 2400 2974 so

308 2998 634 3062 neminem
679 2998 929 3063 dedisse
976 3000 1307 3081 decumae,
1360 2999 1695 3082 concedes,
1750 3000 2004 3084 opinor,
2056 3005 2132 3064 ut
2178 3023 2324 3065 eum

312 3086 577 3150 decumo
605 3086 855 3151 fruetus
883 3086 1196 3151 arationis
1224 3089 1567 3171 perceptus
1607 3087 1711 3170 sit,
1747 3088 2072 3152 neminem
2108 3088 2322 3154 minus

308 3174 520 3237 tribus
576 3174 858 3239 decumis
914 3174 1180 3239 dedisse.
1263 3173 1484 3257 Atque
1536 3175 1660 3240 hoc
1712 3175 1782 3239 in
1835 3176 2129 3242 beneficii
2178 3177 2323 3242 loeo

308 3261 585 3344 petitum
642 3267 749 3325 est
797 3263 880 3327 ab
915 3262 1236 3346 Apronio,
1291 3265 1365 3326 ut
1417 3262 1489 3326 in
1540 3263 1769 3349 iugera
1813 3263 2073 3349 singula
2117 3266 2322 3329 ternis

308 3346 650 3410 medimnis
706 3349 993 3414 decidere
1049 3350 1291 3414 liceret.
1380 3350 1555 3416 Nam
1610 3373 1756 3415 cum
1813 3373 1853 3415 a
1897 3353 2123 3416 multis
2172 3375 2322 3436 qua·
2348 3371 2395 3412 ³5

306 3432 519 3509 terna,
593 3434 789 3499 etiam
856 3437 1053 3520 quina
1117 3437 1555 3521 exigerentur,
1619 3439 1843 3501 multis
1911 3443 2128 3503 autem
2191 3462 2323 3505 non

306 3512 498 3573 modo
537 3535 811 3595 granum
847 3523 1120 3606 nullum,
1166 3525 1280 3588 sed
1314 3545 1397 3588 ne
1437 3524 1665 3607 paleae
1712 3525 1972 3607 quidem
1996 3548 2098 3590 ex
2144 3529 2323 3592 omni
