2566 4016
740 223 875 278 Lm.
905 224 955 279 v
1019 225 1173 280 cAP.
1210 232 1352 281 4-e
1389 231 1419 291 ς
1459 232 1683 283 10-14.
1808 196 1816 204 ’
2085 227 2219 292 433

206 367 621 451 provinciae?
701 366 800 432 Tu
857 389 1018 452 quos
1074 389 1297 433 servos
1353 390 1536 432 arma
1590 390 1818 453 capere
1863 373 1929 434 et
1973 370 2219 436 bellum

207 454 420 520 facere
469 455 537 519 in
583 453 804 520 Sicilia
847 456 1135 521 voluisse
1180 477 1500 541 cognoras
1547 460 1612 520 et
1660 457 1736 521 de
1784 457 2037 521 consilii
2083 480 2220 523 sen·

207 543 418 607 tentia
443 543 783 625 iudicaraS,
818 543 939 608 hos
969 544 1051 608 ad
1089 544 1478 627 supplicium
1513 544 1647 609 iam
1685 565 1864 608 more
1902 544 2220 611 maiorum

209 631 489 695 traditos
527 652 604 695 ex
641 632 854 696 media
888 636 1100 697 morte
1138 633 1386 715 eripere
1423 654 1498 697 ac
1543 633 1822 697 liberare
1869 653 2061 697 ausus
2109 633 2221 697 es‘?

154 737 183 777 ⁵
210 722 316 801 ut,
375 740 569 803 quam
634 719 957 784 damnatis
1022 741 1274 785 crucem
1331 720 1535 784 servis
1586 721 1848 803 fixeras,
1910 720 2077 785 hanc
2129 721 2222 785 in·

211 806 528 871 demnatis
583 807 885 873 videlicet
937 807 1185 873 civibus
1231 807 1545 872 Romanis
1599 830 1984 874 reservares.
2070 807 2222 874 Per-

210 894 385 959 ditae
457 895 753 961 civitates
827 896 1184 980 desperatis
1256 896 1388 961 iam
1462 896 1763 960 omnibus
1833 897 2026 961 rebus
2098 896 2220 961 hos

209 983 423 1059 solent
460 984 670 1048 exitus
708 984 990 1049 exitialis
1025 984 1283 1066 habere,
1329 987 1403 1047 ut
1449 984 1739 1048 damnati
1781 985 1851 1047 in
1894 985 2221 1070 integrum

209 1070 664 1154 restituantur,
718 1071 921 1136 vincti
964 1072 1331 1156 solvantur,
1385 1072 1604 1137 exules
1650 1072 2065 1157 reducantur,
2113 1094 2217 1137 res

125 1177 184 1217 ιο
207 1157 528 1227 iudicatae
597 1158 1056 1222 rescindantur.
1165 1158 1344 1234 Quae
1416 1181 1560 1224 cum
1636 1158 1958 1242 accidunt,
2027 1180 2218 1225 nemo

210 1249 339 1327 est,
394 1244 550 1328 quin
601 1245 946 1329 intellegat
997 1266 1183 1310 ruere
1234 1245 1422 1309 illam
1467 1268 1606 1310 rem
1649 1247 2005 1330 publicam3
2059 1247 2219 1313 haec

209 1332 324 1396 ubi
369 1332 698 1416 eveniant,
747 1354 938 1397 nemo
985 1336 1112 1417 est,
1160 1334 1272 1417 qui
1315 1334 1521 1398 ullam
1568 1356 1750 1419 spem
1797 1335 2029 1399 salutis
2074 1336 2219 1399 reli·

211 1441 406 1504 quam
462 1441 604 1486 esse
657 1420 1023 1486 arbitretur.
1106 1420 1327 1504 Atque
1381 1421 1539 1487 haec
1594 1423 1800 1488 sicubi
1840 1424 2014 1503 facta
2055 1428 2218 1507 sunt,

209 1507 307 1572 ita
375 1507 553 1573 facta
624 1512 803 1592 sunt,
874 1513 951 1573 ut
1016 1509 1311 1574 homines
1376 1511 1724 1595 populares
1789 1515 1902 1575 aut
1964 1512 2218 1577 nobiles

124 1614 183 1657 ιε
209 1595 527 1681 supplicio
583 1600 698 1661 aut
752 1597 943 1672 exilio
999 1598 1396 1682 levarentur,
1455 1603 1525 1662 at
1576 1620 1709 1664 non
1764 1599 1846 1664 ab
1902 1599 1986 1664 iis
2037 1600 2221 1685 ipsis,

210 1686 322 1769 qui
374 1684 792 1770 iudicassent,
855 1689 927 1750 at
977 1707 1111 1750 non
1163 1687 1418 1770 statim,
1481 1690 1552 1751 at
1602 1708 1735 1751 non
1789 1708 2011 1752 eorum
2064 1688 2217 1753 faci·

2259 1435 2326 1484 13

206 1793 439 1837 norum
468 1772 774 1856 damnati,
811 1795 973 1858 quae
1010 1774 1094 1838 ad
1128 1773 1337 1838 vitam
1373 1777 1441 1838 et
1476 1773 1557 1838 ad
1593 1772 1890 1838 fortunas
1929 1775 2217 1839 omnium
2272 1818 2282 1825 -

209 1859 623 1943 pertinerent.
722 1860 865 1925 Hoc
916 1882 1071 1926 vero
1124 1882 1367 1926 novum
1423 1865 1489 1924 et
1542 1861 1678 1925 eius
1733 1860 1908 1926 modi
1963 1865 2090 1946 est,
2143 1864 2219 1926 ut

210 1946 421 2031 magis
484 1950 753 2032 propter
815 1968 998 2013 reum
1061 1968 1258 2031 quam
1311 1951 1578 2032 propter
1632 1969 1771 2013 rem
1820 1948 2034 2034 ipsam
2089 1970 2218 2015 cre-

122 2053 185 2095 20
212 2035 410 2100 dibile
444 2035 766 2118 videatur,
810 2038 885 2099 ut
927 2035 1224 2101 homines
1271 2057 1494 2100 servos
1503 2085 1522 2119 ,
1565 2040 1641 2100 ut
1684 2036 1850 2120 ipse,
1897 2037 2007 2121 qui
2051 2037 2218 2101 iudi-

210 2126 419 2205 carat,
466 2128 541 2188 ut
586 2123 812 2187 statim
860 2143 896 2187 e
938 2123 1151 2187 medio
1198 2123 1517 2208 supplicio
1563 2123 1909 2206 dimiserit,
1960 2128 2036 2190 ut
2081 2125 2217 2190 eius

208 2210 515 2276 facinoris
552 2210 894 2276 damnatos
932 2232 1173 2293 servos,
1210 2211 1384 2294 quod
1420 2211 1502 2276 ad
1539 2212 1826 2277 omnium
1864 2213 2218 2278 liberorum

210 2303 405 2382 caput
441 2301 507 2362 et
544 2299 924 2385 sanguinem
958 2300 1333 2384 pertineret.
1404 2299 1461 2365 Ο
1496 2301 1902 2385 praeclarum
1938 2299 2217 2385 impera-

209 2387 421 2451 torem
464 2407 582 2451 nec
627 2387 759 2452 iam
804 2408 951 2454 cum
993 2385 1100 2451 Μ’.
1134 2386 1432 2472 Aquilio,
1481 2386 1843 2454 fortissimo
1889 2389 2060 2472 viro,
2106 2389 2219 2454 sed

120 2490 184 2534 2⁶
209 2495 362 2539 vero
427 2497 573 2540 cum
629 2474 879 2560 Paulis,
942 2473 1378 2560 ScipionibuS,
1440 2474 1668 2542 Mariis
1731 2445 2217 2543 conferend'um!

206 2566 548 2628 tantumne
622 2563 859 2629 vidisse
935 2564 1007 2629 in
1081 2568 1261 2628 metu
1337 2564 1749 2649 periculoque
1819 2566 2215 2650 provinciae!

208 2647 371 2715 Cum
418 2651 830 2717 servitiorum
876 2652 1129 2717 animos
1171 2652 1242 2717 in
1288 2649 1510 2718 Sicilia
1554 2673 1903 2737 suspensos
1947 2657 2218 2737 propter

208 2737 454 2802 bellum
491 2738 724 2804 Italiae
759 2739 1189 2825 fugitivorum
1224 2740 1492 2824 videret,
1529 2762 1612 2806 ne
1650 2741 1793 2823 quis
1832 2762 1901 2806 se
1938 2761 2218 2805 commo-

208 2845 359 2889 vere
423 2824 716 2908 auderet,
778 2831 1093 2910 quantum
1155 2829 1426 2892 terroris
1483 2827 1731 2893 iniecit!
1829 2826 2220 2912 Comprendi

118 2931 182 2974 so
212 2911 431 2995 iussit3
476 2913 620 2996 quis
655 2933 787 2977 non
824 2914 1288 2997 pertimescat?
1335 2935 1595 2980 causam
1641 2914 1850 2981 dicere
1896 2914 2220 2999 dominos3

209 2999 363 3084 quid
413 3020 601 3065 servo
644 3004 785 3065 tam
828 3001 1369 3066 formidolosum?
1446 3000 1733 3068 FEclssn
1777 3019 2024 3067 VIDERI
2066 3023 2218 3087 pro-

206 3088 495 3171 nuntiat3
549 3091 841 3154 exortam
894 3088 1150 3154 videtur
1201 3088 1533 3154 flammam
1586 3111 1940 3175 paucorum
1995 3090 2218 3156 dolore

208 3198 286 3242 ac
325 3180 537 3242 morte
580 3176 971 3243 restinxisse.
1045 3174 1213 3251 Quid
1259 3176 1485 3242 deinde
1532 3177 1865 3262 sequitur?
1927 3175 2218 3244 Verbera

210 3268 405 3349 atque
429 3265 617 3351 ignes
647 3269 713 3329 et
739 3265 856 3330 illa
884 3268 1173 3330 extrema
1201 3264 1285 3330 ad
1316 3265 1706 3351 supplicium
1744 3266 2217 3350 damnatorum,

118 3369 181 3415 so
209 3357 456 3418 metum
501 3357 887 3437 ceterorum,
942 3354 1264 3419 cruciatus
1312 3358 1380 3419 et
1423 3375 1595 3420 crux.
1673 3352 1871 3420 Hisce
1917 3354 2216 3419 omnibus

207 3441 541 3525 suppliciis
590 3444 742 3506 sunt
787 3441 1066 3507 liberati.
1147 3440 1305 3519 Quis
1352 3442 1629 3526 dubitet,
1679 3442 1837 3527 quin
1881 3464 2216 3508 servorum

206 3528 458 3595 animos
524 3551 778 3596 summa
839 3528 1184 3596 formidine
1239 3531 1665 3616 oppresserit,
1725 3551 1872 3596 cum
1925 3530 2219 3597 viderent

310 3639 419 3683 010.
445 3641 511 3681 rr.
543 3644 580 3683 1.
1720 3639 1790 3689 28

2257 2314 2329 2363 14
