2566 4016
694 235 828 289 ΜΒ.
866 236 920 289 11
986 235 1140 292 CAP.
1182 242 1393 292 72-74
1430 242 1461 303 g
1500 242 1796 293 ινδ-182.
2126 238 2259 303 265

233 380 398 446 satis
445 399 586 445 esse
631 378 985 463 facturum,
1032 379 1117 463 si,
1162 400 1328 464 quae
1373 381 1650 465 cognovi
1692 380 1764 444 in
1807 378 2047 465 Sicilia,
2094 405 2258 467 quae

235 462 455 553 accepi
492 467 575 532 ab
621 466 801 552 ipsis,
849 467 1197 553 diligenter
1245 489 1617 553 exposuero,
1662 470 1907 554 populo
1944 469 2259 554 Romane,

235 558 292 622 si
343 556 588 620 nullius
644 555 806 639 vim,
858 556 1103 620 nullius
1157 556 1527 640 potentiam
1573 556 1999 640 pertimuere,
2053 558 2260 642 vobiS,

235 646 294 708 si
326 645 712 709 facultatem
747 664 899 708 vere
937 647 1134 727 atque
1170 643 1445 709 honeste
1479 644 1805 709 iudicandi
1838 645 1966 710 fide
2007 649 2073 710 et
2118 645 2259 709 dili-

179 752 209 793 5
237 731 475 819 gentia
513 752 658 796 mea
701 731 943 815 fecero,
998 731 1325 816 mihimet,
1382 731 1437 795 si
1482 754 1564 797 ne
1611 732 1951 798 minimum
1998 733 2258 817 quidem

238 821 317 886 de
352 840 497 885 meo
535 818 850 884 curriculo
887 819 1081 903 vitae,
1126 820 1300 903 quod
1337 819 1502 884 mihi
1547 842 1803 906 semper
1846 821 2257 906 propositum

232 908 388 992 fuit,
445 908 795 973 decessero.
885 905 1299 993 Quapropter
1341 908 1507 972 nihil
1554 913 1682 992 est,
1727 909 1900 992 quod
1949 913 2221 993 metua8‚
2260 919 2362 970 180

233 1018 316 1062 ne
372 996 527 1081 quid
571 996 642 1060 in
683 999 751 1059 te
797 995 1193 1081 confingam3
1247 996 1447 1060 etiam
1495 996 1668 1080 quod
1712 997 1981 1081 laetere,
2034 998 2258 1062 habes.

235 1085 451 1150 Multa
486 1084 687 1167 enim,
735 1104 900 1167 quae
937 1083 1069 1148 scio
1116 1105 1165 1147 a
1201 1087 1271 1147 te
1316 1105 1457 1148 esse
1504 1085 1878 1168 commissa,
1926 1086 2098 1169 quod
2144 1089 2259 1150 aut

158 1193 212 1234 ιο
234 1173 510 1237 nimium
573 1171 799 1255 turpia
858 1175 972 1234 aut
1035 1193 1268 1254 parum
1333 1171 1669 1236 credibilia
1733 1176 1910 1255 sunt,
1974 1177 2260 1256 praeter-

238 1261 517 1326 mittam.
596 1259 645 1341 †
690 1258 971 1323 Tantum
1027 1279 1220 1344 agam
1274 1259 1351 1324 de
1395 1259 1520 1324 hoc
1565 1263 1707 1325 toto
1752 1261 2028 1325 nomine⁸
2062 1260 2259 1325 socie-

238 1348 426 1432 tatis,
476 1350 551 1413 ut
593 1347 725 1411 iam
772 1347 937 1412 scire
980 1347 1215 1431 possis,
1297 1347 1648 1431 Quaeram,
1694 1348 2106 1414 decretumne
2153 1349 2259 1412 sit.

239 1434 403 1501 Cum
458 1435 526 1500 id
578 1434 912 1518 invenere,
976 1455 1314 1520 quaeram,
1367 1439 1740 1501 remotaene
1795 1436 1928 1501 sint
1980 1437 2261 1501 litterae.

238 1523 402 1590 Cum
446 1523 514 1588 id
556 1542 816 1607 quoque
862 1523 1207 1607 constabit,
1252 1545 1372 1589 vos
1417 1524 1550 1589 iam
1594 1524 1720 1590 hoc
1766 1546 1869 1590 me
1914 1525 2118 1590 tacito
2164 1524 2260 1589 in-

159 1632 210 1673 15
237 1611 594 1698 tellegetis:
660 1608 731 1675 Si
791 1610 895 1675 illi
903 1656 943 1694 ,-
984 1611 1111 1695 qui-
1157 1611 1283 1677 hoc
1346 1611 1536 1676 istius
1592 1633 1796 1678 causa·
1843 1612 2262 1678 decreverunt

240 1702 517 1784 [equites
561 1699 898 1782 Romaim,
950 1720 1121 1764 nune
1173 1698 1348 1764 idem
1401 1700 1472 1764 in
1525 1721 1673 1766 eum
1725 1700 1970 1766 iudices
2024 1704 2261 1784 essent,

238 1791 439 1869 istum
495 1787 632 1852 sine
688 1787 884 1851 dubio
939 1787 1468 1870 condemnarent,
1523 1787 1600 1852 de
1652 1809 1779 1872 quo
1826 1788 2085 1853 litteras
2130 1809 2259 1871 eas,

243 1897 406 1960 quae
460 1875 651 1939 istius
703 1875 883 1940 furta
935 1874 1325 1958 indicarent,
1380 1878 1447 1939 et
1501 1875 1584 1938 ad
1631 1896 1699 1940 se
1745 1876 1979 1940 missas
2027 1879 2106 1940 et
2140 1897 2258 1940 suo
2366 1945 2372 1951 ,

241 1965 498 2030 decreto
566 1967 850 2029 remotas
918 1963 1160 2029 scirent
1227 1983 1387 2029 esse.
1489 1960 1695 2037 Quem
1761 1962 1967 2049 igitur
2031 1964 2111 2028 ab
2176 1963 2258 2029 iis

159 2075 214 2115 20
243 2053 597 2156 [equitibus
643 2052 1013 2134 Romanis],
1068 2051 1180 2135 qui
1227 2050 1424 2116 istius
1466 2072 1664 2116 causa
1708 2050 1977 2136 cupiunt
2023 2052 2259 2137 omnia,

240 2143 352 2226 qui
397 2143 481 2207 ab
529 2162 605 2206 eo
651 2140 1116 2227 benignissime
1161 2139 1433 2205 tractati
1477 2143 1648 2222 sunt,
1695 2138 2110 2204 condemnari
2152 2161 2260 2204 ne-

241 2251 423 2295 cesse
474 2231 671 2312 esset,
725 2229 785 2293 is
830 2252 871 2293 a
920 2228 1135 2312 vobis,
1186 2228 1457 2312 indicae,
1511 2228 1651 2292 ulla
1694 2226 1803 2293 via
1848 2231 1963 2292 aut
2006 2227 2259 2293 ratione

242 2316 496 2382 absolvi
539 2316 826 2401 poterit?

373 2404 471 2471 Ac
496 2426 581 2469 ne
606 2403 778 2470 forte
807 2425 901 2487 ea,
939 2425 1103 2488 quae
1129 2407 1387 2470 remota
1413 2405 1490 2468 de
1517 2404 1729 2469 medio
1769 2407 1964 2487 atque
2002 2408 2228 2489 erepta
2264 2406 2361 2456 181

157 2513 212 2556 25
237 2493 437 2560 nobis
466 2496 646 2576 sunt,
692 2492 919 2558 omnia
957 2492 1057 2555 ita
1100 2491 1363 2556 condita
1405 2491 1608 2556 fuisse
1655 2495 1849 2576 atque
1895 2492 1994 2557 ita
2037 2493 2261 2558 abdita

237 2582 510 2648 latuisse
545 2543 907 2681 videantur,
952 2582 1028 2643 ut
1062 2579 1222 2644 haec
1260 2579 1617 2663 diligentia,
1665 2601 1860 2663 quam
1902 2601 2023 2666 ego
2072 2603 2112 2644 a
2155 2603 2261 2645 me

239 2668 570 2753 expectari
605 2668 885 2732 maxime
928 2670 1108 2752 pute,
1151 2666 1320 2731 nihil
1366 2688 1599 2731 eorum
1634 2666 2051 2753 investigare,
2092 2667 2260 2731 nihil

241 2755 511 2854 adsequi
552 2755 866 2837 potuerit.
913 2776 1079 2838 quae
1125 2754 1404 2819 consilio
1445 2754 1666 2837 aliquo
1713 2757 1827 2818 aut
1871 2754 2126 2818 ratione
2167 2754 2260 2819 in-

239 2841 450 2908 veniri
495 2844 874 2925 potuerunt,
927 2842 1194 2908 inventa
1240 2845 1420 2925 sunt,
1467 2841 1737 2925 iudices3
1781 2840 2148 2905 manifestis
2191 2842 2261 2906 in

155 2952 215 2993 so
240 2931 436 2995 rebus
495 2926 827 2992 hominem
879 2929 1012 2993 iam
1065 2928 1372 2995 videbitis
1425 2929 1651 2993 teneri.
1739 2926 1912 2993 Nam
1968 2928 2140 3011 qruod
2192 2928 2262 2993 in

239 3017 736 3104 publicanorum
765 3016 975 3081 causis
1012 3018 1118 3082 vel
1153 3017 1509 3101 plurimum
1546 3015 1783 3081 aetatis
1820 3038 2002 3081 meae
2036 3036 2263 3080 versor

239 3106 784 3188 vehementerque
820 3104 1010 3169 illum
1047 3104 1339 3169 ordinem
1376 3104 1672 3187 observo,
1717 3104 1880 3168 satis
1928 3103 2261 3169 commode

239 3194 404 3259 mihi
465 3192 689 3258 videor
753 3213 987 3257 eorum
1032 3192 1560 3257 consuetudinem
1614 3212 1738 3256 usu
1791 3190 2261 3274 tractandoque
2284 3240 2320 3304 7
2324 3244 2367 3305 4

240 3302 574 3368 cognosse.
627 3280 877 3365 Itaque,
904 3282 980 3343 ut
1006 3279 1131 3343 hoc
1158 3280 1462 3364 comperi,
1489 3282 1776 3344 remotas
1804 3300 1944 3344 esse
1968 3279 2226 3344 litteras
2265 3319 2365 3369 182

155 3387 211 3430 35
241 3369 601 3452 societatiS,
655 3368 860 3434 habui
904 3366 1226 3432 rationem
1271 3389 1495 3433 eorum
1542 3388 1885 3469 annorum,
1938 3388 2053 3453 per
2099 3389 2261 3451 quos

239 3458 366 3522 iste
421 3459 492 3522 in
535 3420 771 3523 Sicilia
801 3455 1063 3538 fuisset3
1121 3455 1350 3520 deinde
1395 3455 1710 3541 quaesivi,
1767 3456 1938 3540 quod
1985 3460 2127 3521 erat
2170 3456 2262 3521 in-

239 3548 441 3610 ventu
493 3543 907 3630 facillimum,
963 3544 1076 3629 qui
1127 3565 1244 3630 per
1301 3566 1411 3611 eos
1469 3566 1672 3610 annos
1727 3545 2032 3631 magistri
2081 3544 2260 3610 illius
