2566 4016
215 958 297 1021 19

211 1035 279 1082 40

211 2045 277 2093 41

206 3448 274 3493 42

313 225 445 290 380
911 221 991 276 IN
1030 222 1088 277 C.
1127 220 1435 276 VERREM
1468 219 1624 274 ACT.
1664 219 1733 276 H.

313 370 561 454 palam,
607 367 913 433 lacrimas
954 365 1279 430 interdum
1322 365 1433 429 vix
1477 368 1715 430 tenere.
1793 362 2185 448 Eriphylam
2231 384 2344 427 ac-

314 457 601 542 cepimus
663 457 734 520 in
794 454 1036 519 fabulis
1101 475 1178 518 ea
1240 452 1622 537 cupiditate,
1684 455 1784 536 ut,
1848 473 1995 516 cum
2057 450 2346 516 vidisset

313 545 582 628 monile,
632 548 708 608 ut
754 544 1009 628 opinor,
1057 564 1135 606 ex
1179 563 1340 606 auro
1387 545 1453 605 et
1499 540 1802 626 gemmiS,
1844 538 2344 623 pulchritudine

317 634 455 697 eius
525 633 788 698 incensa
862 631 1140 695 salutem
1210 629 1338 716 viri
1399 629 1721 714 proderet.
1827 625 2073 691 Similis
2137 627 2340 692 istius

317 721 665 806 cupiditas,
720 720 842 784 hoc
888 719 1088 783 etiam
1134 717 1343 782 acrior
1389 721 1585 801 atque
1630 716 1944 799 insanior,
1996 715 2168 798 quod
2215 716 2342 780 illa
2371 730 2402 771 ⁵

318 810 620 894 cupiebat
653 808 749 891 id,
793 807 966 890 quod
1010 805 1290 888 viderat,
1334 805 1527 870 huius
1572 805 1894 869 lubidines
1938 825 2072 869 non
2116 804 2339 869 solum

319 897 552 979 ocuIiS,
599 895 711 960 sed
756 895 956 959 etiam
1003 895 1266 959 auribus
1315 893 1784 958 excitabantur.

450 983 763 1067 Conquiri
805 983 1164 1048 Diodorum
1216 985 1363 1046 tota
1415 980 1751 1065 provincia
1794 980 1994 1046 iubet.
2082 978 2210 1044 Ille
2258 1001 2340 1044 ex

317 1070 540 1137 Sicilia
609 1072 743 1137 iam
816 1076 1029 1138 castra
1100 1073 1544 1135 commoverat
1609 1073 1676 1134 et
1737 1089 1897 1133 vasa
1959 1068 2339 1154 collegerat.

316 1159 553 1244 Homo,
595 1165 672 1226 ut
708 1160 926 1244 aliquo
965 1159 1156 1224 modo
1193 1159 1263 1222 in
1298 1157 1701 1242 provinciam
1744 1156 1935 1221 illum
1980 1161 2340 1240 revocaret,
2373 1177 2431 1217 ιο

318 1249 486 1314 hanc
541 1249 869 1335 excogitat
923 1248 1270 1330 rationem,
1327 1247 1382 1310 si
1437 1247 1596 1311 haec
1650 1245 1819 1310 ratio
1870 1245 2090 1328 potius
2138 1266 2340 1328 quam

319 1337 605 1402 amentia
674 1336 1069 1401 nominanda
1140 1339 1258 1400 est.
1368 1333 1663 1419 Apponit
1724 1332 1804 1396 de
1866 1333 1999 1398 suis
2064 1333 2341 1398 canibus

318 1424 656 1508 quendam,
702 1425 813 1508 qui
851 1424 1024 1489 dicat
1069 1444 1137 1488 se
1173 1422 1534 1487 Diodorum
1569 1421 1978 1486 Melitensem
2021 1421 2119 1486 rei
2165 1422 2341 1506 capi-

316 1512 470 1575 talis
507 1533 689 1575 reum
726 1512 894 1576 velle
936 1512 1165 1576 facere.
1236 1509 1459 1574 Primo
1498 1510 1734 1574 mirum
1779 1510 2081 1574 omnibus
2127 1509 2339 1574 videri

314 1598 675 1663 Diodorum
711 1620 911 1683 reum,
955 1598 1288 1662 hominem
1326 1598 1819 1681 quietissimum,
1866 1598 1949 1662 ab
1986 1598 2167 1662 omni
2200 1620 2339 1664 non
2369 1615 2424 1656 1⁵

315 1685 508 1751 modo
543 1686 872 1772 facinoris,
916 1708 1141 1752 verum
1179 1687 1380 1750 etiam
1421 1686 1675 1749 minimi
1722 1685 1922 1751 errati
1968 1686 2336 1769 suspicione

316 1774 850 1859 remotissimum3
896 1775 1121 1840 deinde
1159 1796 1300 1838 esse
1335 1773 1747 1858 perspicuum
1781 1774 1925 1838 fieri
1962 1774 2181 1839 omnia
2214 1775 2339 1839 illa

316 1869 584 1949 propter
647 1868 1006 1951 argentum.
1104 1863 1239 1928 Iste
1301 1884 1433 1927 non
1497 1862 1753 1926 dubitat
1815 1862 2036 1926 iubere
2094 1884 2339 1928 nomen

317 1953 572 2038 referri,
635 1957 703 2019 et
765 1956 906 2018 tum
967 1952 1250 2038 primum
1317 1953 1442 2032 [ut]
1504 1950 1734 2035 opinor
1785 1949 1987 2016 istum
2042 1950 2336 2017 absentis

317 2063 554 2106 nomen
590 2043 926 2127 recepisse.
989 2042 1117 2106 Res
1154 2041 1332 2106 clara
1360 2037 1581 2104 Sicilia
1616 2043 1761 2104 tota
1795 2044 2060 2122 propter
2097 2041 2339 2105 caelati
2365 2057 2422 2097 ιο

320 2128 1652 2282 Zssffffi.&ffissssssoessssssz’izfffffb{33¹1}ss
1688 2128 2337 2281 “3333323222’12'25332

894 2266 912 2300 ,
1638 2267 1652 2280 .

319 2305 686 2369 sordidatus
758 2305 997 2368 circum
1059 2308 1374 2387 patronos
1439 2308 1635 2387 atque
1696 2303 1989 2388 hospites
2054 2325 2339 2388 cursare,

318 2414 456 2457 rem
494 2392 794 2455 omnibus
829 2412 1113 2455 narrare.
1188 2389 1478 2455 Litterae
1517 2393 1867 2456 mittuntur
1901 2392 2017 2457 isti
2061 2414 2101 2456 a
2143 2397 2336 2475 patre

316 2479 759 2561 vehementes,
814 2479 895 2542 ab
948 2478 1172 2542 amicis
1216 2479 1403 2562 item,
1454 2479 1731 2564 videret,
1785 2480 1939 2563 quid
1985 2484 2209 2565 ageret
2256 2482 2336 2545 de
2364 2498 2416 2539 85

317 2567 632 2649 Diodoro,
688 2588 816 2650 quo
870 2567 1397 2652 progrederetur3
1451 2588 1590 2632 rem
1644 2568 1890 2632 claram
1947 2589 2086 2632 esse
2131 2572 2199 2632 et
2243 2568 2339 2633 in·

317 2655 662 2738 vidiosam3
686 2655 972 2720 insanire
993 2655 1343 2738 hominem,
1369 2655 1729 2737 periturum
1750 2655 1873 2722 hoc
1900 2677 2030 2721 uno
2050 2656 2338 2740 crimine,

317 2744 447 2809 nisi
502 2744 796 2808 cavisset.
874 2742 1010 2807 Iste
1067 2743 1264 2808 etiam
1310 2746 1453 2807 tum
1496 2748 1778 2828 patrem,
1834 2743 1892 2807 si
1935 2765 2069 2809 non
2109 2745 2180 2807 in
2225 2766 2338 2827 pa-

318 2832 547 2915 rentis,
603 2836 673 2896 at
725 2832 795 2896 in
842 2831 1181 2896 hominum
1225 2852 1495 2896 numero
1541 2832 1846 2916 putabat3
1899 2832 1983 2896 ad
2026 2832 2334 2897 iudicium

316 2920 604 2985 nondum
649 2942 718 2984 se
765 2920 926 2985 satis
974 2919 1401 3002 instruxerat3
1454 2921 1704 3003 primus
1751 2940 1958 2985 annus
2004 2923 2145 2985 erat
2187 2942 2334 3004 pro·
2362 2936 2416 2976 ³⁰

316 3008 591 3092 vinciae,
657 3029 817 3091 non,
879 3011 954 3071 ut
1014 3008 1085 3071 in
1149 3004 1446 3092 Sthenio,
1507 3008 1642 3073 iam
1703 3007 1981 3072 refertus
2042 3008 2334 3092 pecunia.

315 3095 545 3179 Itaque
591 3095 776 3160 furor
820 3096 956 3159 eius
1005 3096 1345 3178 paululum
1388 3115 1522 3160 non
1566 3096 1828 3180 pudore,
1875 3097 1990 3161 sed
2033 3100 2211 3161 metu
2258 3118 2335 3162 ac

317 3184 550 3248 timore
622 3204 955 3268 repressus
1029 3186 1146 3248 est.
1257 3181 1699 3249 Condemnare
1769 3183 2130 3249 Diodorum
2201 3205 2336 3249 non

315 3271 511 3335 audet
583 3271 945 3353 absentem,
1019 3269 1095 3334 de
1159 3270 1288 3335 reis
1354 3271 1595 3335 eximit.
1692 3271 2018 3336 Diodorus
2082 3272 2336 3336 interea

312 3361 614 3436 praetore
641 3358 771 3422 isto
798 3378 1000 3442 prope
1028 3357 1381 3422 triennium
1407 3359 1742 3443 provincia
1769 3359 2088 3443 domoque
2108 3360 2334 3426 caruit.
2361 3374 2416 3417 ⁸⁶

315 3439 531 3503 Ceteri
601 3464 734 3507 non
802 3445 1015 3509 solum
1071 3442 1298 3529 Siculi,
1372 3447 1485 3511 sed
1548 3447 1746 3512 etiam
1815 3447 1986 3512 cives
2051 3447 2337 3513 Romani

310 3521 434 3585 hoc
488 3531 882 3613 statuerant,
939 3532 1248 3613 quoniam
1302 3534 1425 3597 iste
1479 3537 1737 3598 tantum
1785 3533 2139 3618 cupiditate
2185 3557 2334 3620 pro-
