2566 4016
883 224 1036 279 CAP.
1074 232 1285 281 20-—22
1321 232 1352 291 δ
1389 231 1615 283 67-62,
2163 229 2244 294 51

229 368 574 434 Peroravit
620 368 993 453 aliquando,
1048 368 1327 452 adsedit3
1382 371 1630 435 surrexi
1674 390 1815 455 ego.
1904 370 2249 457 Respirare
2270 345 2357 474 263)

230 457 413 522 visus
451 460 570 539 est,
617 455 791 539 quod
823 477 957 520 non
993 457 1158 521 alius
1196 457 1417 541 potius
1456 458 1711 522 diceret.
1776 455 1978 541 Coepi
2023 460 2248 525 dicere.

231 543 458 628 Usque
496 566 573 608 eo
611 543 1057 629 animadverti,
1102 545 1362 629 iudices,
1409 567 1555 610 eum
1595 545 1798 610 iocari
1844 549 2039 629 atque
2084 548 2249 613 alias

232 654 338 697 res
398 653 620 718 agere,
685 635 1033 715 antequam
1089 632 1582 719 Chrysogonum
1636 633 1995 718 nominavi3
2059 656 2251 718 quem

179 741 205 781 5
235 720 431 785 simul
466 723 659 803 atque
697 719 912 804 attigi,
950 720 1176 785 statim
1211 720 1409 786 homo
1448 742 1518 786 se
1554 721 1776 806 erexit,
1811 721 2036 787 mirari
2072 722 2249 788 visus

234 813 354 873 est.
397 865 404 868 .
432 806 754 891 Intellexi,
797 807 951 891 quid
988 830 1133 873 eum
1169 810 1572 894 pupugisset.
1651 808 1898 875 Iterum
1936 832 2011 875 ac
2051 810 2248 875 tertio

231 895 583 960 nominavi.
663 894 904 960 Postea
939 896 1232 960 homines
1271 918 1529 963 cursare
1573 898 1749 963 ultro
1797 902 1863 963 et
1907 899 2072 963 citro
2117 919 2250 963 non

234 983 653 1067 destiterunt,
720 984 937 1066 credo,
1000 985 1113 1068 qui
1174 982 1602 1071 Chrysogono
1667 987 2043 1050 nuntiarent
2106 1007 2250 1051 esse

234 1072 519 1156 aliquem
556 1071 629 1135 in
663 1071 944 1154 civitate,
991 1073 1102 1154 qui
1138 1076 1367 1137 contra
1404 1074 1812 1138 voluntatem
1859 1074 1995 1137 eius
2042 1073 2250 1138 dicere

153 1179 208 1219 ιο
233 1161 529 1241 auderet3
601 1158 792 1222 aliter
858 1179 1122 1223 causam
1186 1160 1320 1245 agi,
1393 1164 1589 1244 atque
1650 1160 1764 1223 ille
1829 1160 2249 1244 existimaret,

234 1247 475 1332 aperiri
501 1246 820 1310 bonorum
849 1246 1262 1330 emptionem,
1298 1248 1519 1311 vexari
1545 1246 1825 1331 pessime
1854 1247 2248 1330 societatem,

234 1333 1053 1506 Ξέἑῗὲἒέἷῗζῧῖᾚ
1068 1334 2250 1507 ἱξέἳὲηἶῗέιῖῖἑὲὲ“ὼόἰίἒὲζξίἲὲθὲ

570 1470 588 1503 ,
1649 1472 1664 1488 .

233 1515 300 1575 te
361 1509 766 1593 fefellerunt,
831 1507 1055 1592 Eruci,
1119 1510 1551 1594 quoniamque
1612 1510 1792 1576 vides
1856 1532 2047 1577 versa
2109 1532 2250 1577 esse

154 1617 207 1657 ιε
235 1598 482 1681 omnia,
535 1617 796 1662 causam
842 1618 962 1682 pro
1008 1594 1148 1661 Sex.
1186 1596 1450 1681 Roscio,
1497 1599 1552 1662 si
1595 1619 1729 1663 non
1774 1601 2132 1684 commode,
2180 1603 2251 1665 at

233 1687 441 1751 libere
480 1684 623 1769 dici,
660 1705 849 1768 quem
886 1684 1032 1749 dedi
1067 1685 1366 1770 putabas,
1402 1686 1657 1751 defendi
1692 1687 2039 1771 intellegis,
2087 1709 2249 1771 quos

232 1774 594 1839 tradituros
640 1773 968 1856 sperabas,
1012 1773 1191 1838 vides
1236 1773 1539 1857 iudicare,
1584 1775 1858 1838 restitue
1900 1775 2091 1839 nobis
2138 1775 2250 1838 ali-

236 1860 497 1944 quando
555 1864 842 1928 ,veterem
899 1865 1082 1925 tuam
1136 1861 1322 1926 illam
1375 1861 1801 1926 calliditatem
1854 1864 2049 1944 atque
2104 1882 2251 1945 pru·

239 1946 555 2031 dentiam,
607 1948 909 2014 confitere
963 1948 1089 2013 huc
1143 1969 1220 2014 ea
1274 1970 1389 2033 spe
1434 1948 1713 2032 venisse,
1770 1948 1941 2033 quod
1986 1952 2250 2033 putares

150 2056 209 2096 20
237 2037 346 2102 hic
391 2036 828 2119 latrocinium,
872 2058 1005 2101 non
1048 2036 1355 2101 iudicium
1398 2036 1706 2100 futurum.

411 2123 514 2189 De
566 2124 912 2208 parricidio
968 2144 1165 2188 causa
1211 2124 1474 2205 dieitur3
1527 2123 1698 2188 ratio
1746 2124 1829 2187 ab
1877 2127 2252 2188 accusatore

231 2213 490 2278 reddita
532 2233 667 2276 non
706 2216 835 2295 est,
891 2233 1086 2296 quam
1134 2213 1228 2276 ob·
1265 2234 1527 2277 causam
1548 2230 1551 2233 ·
1571 2216 1827 2297 patrem
1870 2210 2045 2277 filius
2092 2212 2250 2278 occi·

233 2302 420 2366 derit.
487 2297 706 2376 Quod
767 2300 834 2364 in
888 2299 1175 2364 minimis
1228 2301 1439 2365 noxiis
1498 2304 1563 2365 et
1614 2301 1684 2364 in
1737 2300 1843 2365 his
1896 2300 2249 2367 levioribus

233 2388 545 2473 peccatiS,
602 2409 767 2471 quae
819 2389 1030 2474 magis
1075 2387 1314 2453 crebra
1368 2392 1434 2453 et
1487 2389 1619 2453 iam
1652 2410 1877 2474 *prope
1927 2390 2251 2455 cotidiana

153 2494 207 2536 25
239 2481 412 2558 sunt,
472 2477 577 2542 vel
632 2475 909 2541 maxime
961 2479 1032 2540 et
1083 2476 1366 2560 primum
1422 2476 1779 2560 quaeritur,
1835 2498 1999 2561 quae
2058 2493 2253 2543 causa

235 2563 541 2629 maleficii
590 2563 814 2647 fuerit,
870 2563 940 2626 id
990 2562 1262 2628 Erucius
1317 2564 1388 2628 in
1424 2562 1786 2648 ‘parricidio
1844 2566 2067 2649 quaeri
2119 2586 2253 2630 non

234 2655 427 2736 putat
491 2655 820 2736 oportere3
880 2651 950 2714 in
1010 2672 1136 2735 quo
1192 2652 1459 2734 scelere,
1521 2651 1790 2734 iudices,
1852 2653 2051 2716 etiam
2106 2674 2251 2716 cum

236 2739 484 2804 multae
525 2760 759 2804 causae
803 2739 1179 2804 convenisse
1223 2761 1422 2804 unum
1464 2740 1536 2804 in
1581 2736 1795 2804 locum
1841 2743 2036 2823 atque
2079 2739 2252 2804 inter

238 2848 308 2892 se
345 2847 697 2913 congruere
733 2826 1051 2910 videntur,
1094 2831 1318 2893 tamen
1351 2848 1482 2892 non
1518 2830 1762 2899 tem-ere
1798 2827 2096 2910 creditur,
2139 2847 2252 2891 ne-

150 2932 208 2972 30
235 2937 360 3000 que
397 2910 527 2979 levi
563 2914 933 2979 coniectura
957 2936 1070 2979 -res
1115 2915 1436 3000 penditur,
1472 2935 1688 2999 neque
1731 2915 1921 2979 testis
1967 2916 2250 2978 incertus

234 3003 514 3086 auditur,
557 3023 763 3086 neque
798 3003 1193 3069 accusatoris
1227 3003 1490 3089 ingenio
1527 3023 1649 3067 res·
1670 3002 2011 3068 iudicatur.
2088 2999 2250 3066 Cum

231 3093 446 3157 multa
510 3094 703 3155 antea
766 3091 1112 3156 commissa
1166 3091 1510 3174 maleficia,
1572 3113 1720 3156 cum
1775 3089 1913 3153 vita
1966 3088 2249 3154 hominis

230 3178 704 3263 perditissima,
767 3183 924 3243 tum
979 3178 1332 3265 singularis
1388 3179 1656 3244 audacia
1711 3176 2091 3242 ostendatur
2143 3198 2249 3241 ne·

231 3289 410 3333 cesse
471 3270 603 3350 est,
661 3287 870 3350 neque
933 3267 1198 3332 audacia
1254 3268 1515 3350 solum,
1556 3265 1670 3330 sed
1726 3285 2012 3329 summus
2065 3263 2249 3350 furor

143 3369 202 3411 8⁵
230 3360 431 3441 atque
468 3355 770 3420 amentia.
852 3353 1031 3421 Haec
1066 3376 1211 3421 cum
1260 3356 1394 3418 sint
1438 3354 1682 3436 omnia,
1726 3355 1946 3416 tamen
1991 3356 2247 3419 exstent

230 3446 495 3527 oportet
556 3464 858 3526 expressa
914 3443 1172 3508 sceleris
1224 3442 1531 3527 vestigia,
1592 3440 1732 3524 ubi,
1797 3461 1925 3524 qua
1976 3442 2247 3526 ratione,

231 3551 350 3612 per
377 3552 578 3614 quos,⁵
597 3552 725 3615 quo
753 3534 1045 3615 tempore
1074 3530 1460 3596 maleficium
1499 3529 1589 3594 sit
1625 3528 1994 3596 admissum.
2068 3529 2246 3606 Quae

1741 3631 1817 3686 4*

2286 1441 2354 1489 61

2288 2315 2359 2366 62
