2566 4016
288 228 371 292 72
610 226 754 282 PRO
793 225 944 281 SEX.
983 222 1242 281 ROSCIO
1280 224 1617 279 AMERINO
1656 223 1941 279 ORATIO.

281 372 428 458 Ego
474 372 634 437 haec
679 370 897 437 omnia
943 368 1437 456 Chrysogonum
1481 368 1712 434 fecisse
1758 369 1927 448 dico,
1970 372 2047 434 ut
2092 390 2299 434 emen-

282 461 534 544 tiretur,
579 462 655 524 ut
698 459 944 523 malum
990 458 1193 522 civem
1238 457 1376 523 Sex.
1413 456 1719 522 Roscium
1764 456 1965 520 fuisse
2004 456 2297 541 fingeret,

283 552 358 618 ut
403 569 549 612 eum
594 545 766 631 apud
812 545 1216 611 adversarios
1262 544 1544 610 occisum
1590 565 1729 608 esse
1749 618 1756 624 .
1776 544 2031 627 diceret,
2076 548 2152 608 ut
2194 544 2296 608 his

285 636 361 700 de
396 636 590 700 rebus
628 656 667 699 a
699 634 935 719 legatis
962 633 1422 698 Amerinorum
1450 632 1665 697 doceri
1691 631 1762 697 L.
1789 629 2040 696 Sullam
2066 653 2295 716 passus

283 743 415 790 non
460 722 563 788 sit.
653 721 946 805 Denique
993 721 1188 785 etiam
1232 720 1398 785 illud
1444 719 1764 804 suspicor,
1819 719 2081 785 omnino
2138 719 2298 785 haec
2324 734 2349 774 ⁵

284 813 458 876 bona
500 830 634 874 non
677 809 959 891 venisse3
1004 808 1071 873 id
1117 808 1288 891 quod
1323 811 1571 892 postea,
1618 807 1674 871 si
1708 828 1825 890 per
1859 828 1996 889 vos,
2039 807 2298 890 iudices,

182 912 285 959 128
321 898 575 963 licitum
629 897 778 980 erit,
844 895 1183 980 aperietur.
1282 894 1530 979 Opinor
1574 895 1758 959 enim
1810 915 1950 959 esse
2003 894 2073 958 in
2134 895 2298 979 lege,

287 1006 483 1070 quam
549 979 637 1048 'ad
701 984 870 1048 diem
920 983 1449 1068 proscriptiones
1520 982 2049 1066 venditionesque
2119 982 2300 1065 fiant,

287 1072 647 1154 [nimirum]
693 1070 1020 1136 Kalendas
1076 1071 1312 1136 Iunias.
1404 1070 1677 1154 Aliquot
1728 1074 1882 1155 post
1935 1089 2185 1135 menses
2232 1073 2299 1132 et

284 1161 481 1226 homo
528 1159 775 1226 occisus
823 1162 924 1223 est
969 1162 1036 1223 et
1081 1159 1253 1223 bona
1299 1159 1551 1223 venisse
1596 1157 1910 1223 dicuntur.
1997 1156 2295 1221 Profecto
2328 1173 2380 1212 ιο

287 1252 401 1313 aut
454 1248 614 1313 haec
667 1248 842 1312 bona
894 1247 964 1310 in
1025 1246 1286 1311 tabulas
1350 1246 1645 1331 publicas
1709 1246 1893 1310 nulla
1954 1244 2301 1328 redierunt,

285 1357 532 1420 nosque
561 1335 644 1400 ab
680 1335 811 1399 isto
847 1334 1168 1399 nebulone
1203 1333 1476 1399 facetius
1515 1333 1849 1417 eludimur,
1887 1354 2082 1417 quam
2117 1336 2303 1416 puta-

286 1445 457 1506 mus,
523 1426 662 1505 aut,
726 1422 783 1486 si
844 1422 1199 1504 redierunt,
1271 1422 1538 1486 tabulae
1603 1421 1901 1506 publicae
1960 1423 2301 1503 corruptae

289 1511 510 1593 aliqua
562 1509 814 1574 ratione
870 1513 1047 1592 sunt3
1108 1530 1261 1572 nam
1316 1509 1461 1593 lege
1528 1508 1786 1592 quidem
1848 1509 2022 1573 bona
2081 1508 2301 1572 venire

287 1617 419 1662 non
461 1596 754 1682 potuisse
799 1599 1072 1661 constat.
1161 1595 1484 1682 Intellego
1529 1618 1634 1660 me
1680 1600 1832 1660 ante
1876 1600 2166 1681 tempus,
2210 1595 2300 1660 iu·
2328 1612 2395 1686 1⁵·

290 1686 478 1768 diceS,
522 1685 684 1750 haec
721 1685 1000 1750 scrutari
1036 1687 1102 1748 et
1146 1705 1349 1768 prope
1394 1683 1658 1749 modum
1704 1705 1937 1768 errare,
1982 1684 2112 1768 qui,
2157 1705 2301 1748 cum

289 1773 487 1858 capiti
545 1770 686 1837 Sex.
749 1771 945 1837 Rosci
1009 1771 1251 1837 mederi
1315 1772 1611 1856 debeam,
1672 1771 2006 1836 reduviam
2068 1793 2302 1836 curem.

288 1860 440 1926 Non
485 1861 657 1926 enim
694 1861 955 1926 laborat
991 1860 1068 1925 de
1105 1860 1394 1944 pecunia,
1437 1880 1571 1925 non
1606 1859 1803 1923 ullius
1840 1860 2162 1924 rationem
2201 1859 2301 1923 sui

289 1949 611 2015 commodi
682 1947 883 2032 ducit3
956 1948 1146 2015 facile
1211 1950 1572 2034 egestatem
1637 1968 1820 2013 suam
1884 1969 1952 2012 se
2015 1947 2302 2013 laturum

288 2041 504 2122 putat,
579 2038 635 2102 si
706 2038 830 2103 hac
898 2037 1166 2123 indigna
1239 2037 1601 2120 suspicione
1675 2039 1742 2100 et
1809 2036 1963 2105 ficto
2035 2035 2303 2100 crimine
2329 2053 2388 2093 ιο

186 2147 286 2197 129
322 2126 639 2191 liberatus
676 2125 780 2190 sit.
861 2123 1104 2189 Verum
1142 2146 1381 2207 quaeso
1421 2147 1460 2189 a
1493 2123 1700 2206 vobis,
1735 2123 1996 2207 iudices,
2032 2127 2106 2188 ut
2139 2122 2302 2187 haec

288 2235 511 2298 pauca,
559 2234 722 2296 quae
768 2214 1038 2295 restant,
1082 2212 1179 2275 ita
1224 2212 1521 2295 audiatis,
1565 2215 1641 2276 ut
1675 2213 1915 2296 partim
1951 2232 2055 2276 me
2093 2211 2302 2275 dicere

287 2321 407 2385 pro
461 2321 564 2364 me
609 2300 753 2382 ipso
799 2299 1044 2382 putetis
1054 2348 1072 2381 ,
1129 2299 1376 2382 partim
1419 2320 1537 2382 pro
1586 2296 1727 2364 Sex.
1788 2299 2042 2364 Roscio.
2123 2297 2303 2374 Quae

290 2387 462 2451 enim
506 2386 669 2450 mihi
707 2386 836 2470 ipsi
871 2385 1139 2471 indigna
1175 2389 1241 2450 et
1276 2387 1719 2452 intolerabilia
1754 2387 2068 2470 videntur,
2115 2408 2304 2469 quae-

291 2496 413 2557 que
459 2473 542 2538 ad
588 2473 817 2557 omnis,
860 2473 989 2537 nisi
1032 2473 1464 2558 providemus,
1508 2475 1794 2539 arbitror
1835 2474 2179 2559 pertinere,
2225 2495 2305 2539 ea
2329 2491 2389 2532 sa

288 2584 406 2645 pro
444 2583 548 2627 me
583 2562 726 2646 ipso
765 2583 840 2626 ex
884 2561 1083 2625 animi
1127 2562 1255 2626 mei
1302 2582 1493 2626 sensu
1539 2584 1614 2627 ac
1660 2562 1881 2627 dolore
1926 2562 2307 2646 pronunti03
2434 2606 2437 2609 -

290 2671 452 2733 quae
508 2650 589 2714 ad
642 2649 833 2714 liuius
897 2649 1103 2714 vitam
1167 2670 1555 2733 causamque
1613 2649 1971 2733 pertinent,
2030 2653 2096 2714 et
2151 2649 2307 2733 quid

286 2738 392 2802 hic
444 2759 565 2822 pro
620 2758 689 2802 se
734 2737 858 2802 dici
902 2737 1064 2801 velit
1109 2741 1176 2801 et
1221 2759 1352 2821 qua
1395 2737 1766 2802 condicione
1812 2740 2152 2802 contentus
2200 2736 2307 2820 sit,

288 2826 420 2891 iam
464 2826 534 2889 in
580 2829 869 2891 extrema
915 2824 1209 2890 oratione
1253 2830 1508 2909 nostra,
1561 2824 1828 2907 iudices,
1875 2825 2169 2890 audietis.

417 2912 563 2999 Ego
617 2913 777 2978 haec
823 2934 863 2977 a
907 2910 1331 2998 Chrysogono
1385 2933 1531 2977 mea
1590 2916 1820 2996 sponte
1864 2916 2115 2978 remoto
2161 2910 2305 2976 Sex.
2335 2929 2395 2970 so

320 2992 557 3067 Roscio
568 3022 827 3085 quaero,
844 2999 1125 3085 primum
1136 3021 1336 3084 quare
1353 2999 1512 3065 civis
1534 2999 1763 3084 optimi
1780 3000 1952 3064 bona
1969 3000 2308 3083 venierint,

288 3088 514 3154 deinde
560 3109 759 3172 quare
795 3087 1078 3153 hominis
1117 3087 1272 3171 eius,
1320 3088 1431 3171 qui
1465 3107 1655 3170 neque
1680 3090 2062 3172 prosc-ripae
2096 3108 2307 3172 neque

287 3177 457 3260 apud
485 3176 893 3243 adversarios
921 3176 1168 3240 occisus
1197 3179 1316 3258 est,
1351 3176 1526 3240 bona
1552 3175 1888 3260 venierint,
1921 3197 2069 3240 cum
2098 3175 2169 3239 in
2197 3196 2308 3239 eos

289 3266 464 3329 solos
500 3264 608 3328 lex
644 3264 889 3349 scripta
925 3262 1029 3346 sit,
1076 3263 1304 3327 deinde
1342 3285 1539 3346 quare
1585 3263 1919 3348 aliquanto
1965 3267 2120 3349 post
2164 3284 2309 3327 eam

289 3351 457 3415 diem
492 3351 833 3435 venierint,
879 3372 1042 3435 quae
1080 3350 1216 3415 dies
1252 3351 1324 3414 in
1359 3351 1504 3435 lege
1540 3351 1886 3435 praefinita
1922 3356 2040 3435 est,
2081 3349 2311 3415 deinde
2343 3367 2404 3408 85

289 3458 402 3502 cur
429 3435 687 3501 tantulo
717 3437 1051 3502 venierint.
1116 3436 1293 3513 Quae
1332 3439 1550 3503 omnia
1587 3439 1661 3523 si,
1700 3461 1890 3523 quem
1929 3439 2012 3505 ad
2046 3438 2312 3504 modum

291 3524 506 3590 solent
551 3524 772 3588 liberti
816 3546 1094 3608 nequam
1141 3529 1209 3589 et
1251 3526 1536 3611 improbi
1579 3525 1812 3611 facere,
1856 3527 1925 3591 in
1960 3531 2314 3613 patronum

183 2896 285 3019 350
