2566 4016
702 194 835 248 ΜΒ.
876 195 951 248 111
1016 195 1170 251 GAP.
1211 202 1422 255 18-20
1458 202 1488 262 ς
1523 203 1751 252 47—51.
2108 197 2239 261 289

228 361 437 406 cumas
467 338 835 415 vendidisti.
907 337 1093 420 Quid,
1122 339 1187 402 -si
1208 339 1419 409 edoceo
1456 344 1523 405 te
1557 361 1691 411 non
1725 340 1939 405 minus
1977 339 2238 405 domum

229 435 400 494 tuam
443 428 761 495 avertisse
808 449 1004 511 quam
1041 425 1321 493 Romam
1365 427 1621 495 misisse
1665 427 2082 497 decumarum
2127 452 2238 494 no-

230 516 434 581 mine?
501 516 657 598 quid
711 514 912 579 habet
961 515 1275 599 populare
1323 517 1535 583 oratio
1580 519 1721 599 tua,
1778 538 1923 581 cum
1969 538 2048 581 ex
2092 537 2237 600 pro-

230 603 435 669 vincia
486 603 715 687 populi
761 602 1041 667 Romani
1096 624 1376 686 aequam
1428 607 1682 687 partem
1730 607 1805 667 tu
1849 603 1973 703 tibi
2019 625 2237 687 sump-

183 706 208 748 ⁵
234 692 386 756 seris
450 712 528 754 ac
582 691 826 775 populo
881 689 1177 763 Romano
1228 690 1532 755 miseris?
1606 691 1804 774 quid‘?
1877 690 1935 755 si
1988 691 2238 757 duabus

231 778 522 864 partibus
577 779 775 844 doceo
829 781 895 842 te
949 778 1230 861 amplius
1278 779 1597 847 ¹§rnamenti
1643 778 1994 847 abstulisse
2041 801 2238 862 quam

228 867 464 952 populo
510 865 808 931 Romano
855 866 1136 949 misisse,
1191 870 1494 933 tamenne
1540 870 1844 950 putamus
1883 870 2238 951 patronum

229 960 408 1021 tuum
444 955 517 1021 in
542 955 674 1019 ‹hoc
710 954 978 1021 crimine
1015 953 1404 1019 cerviculam
1443 953 1835 1020 iactaturum
1875 958 1949 1019 et
1993 955 2237 1039 populo

230 1065 293 1106 se
357 1064 432 1107 ac
478 1063 770 1111 ‹coronae
834 1041 1181 1107 daturum?
1280 1039 1460 1109 Haec
1523 1063 1640 1109 vos
1696 1045 1917 1123 antea,
1978 1042 2238 1125 iudices,

156 1146 204 1185 10
231 1129 499 1195 audistis
508 1180 525 1212 ,
597 1150 821 1195 verum
892 1128 1175 1195 fortasse
1236 1130 1337 1195 ita
1385 1128 1697 1210 audistis,
1770 1132 1842 1194 ut
1901 1134 2236 1195 auctorem

229 1238 553 1282 rumorem
573 1216 902 1282 haberetis
925 1238 1415 1300 sermonemque
1439 1216 1793 1289 hominum.
1846 1214 2237 1302 Cognoscite

230 1326 396 1373 nunc
467 1304 1003 1371 innumerabilem
1074 1305 1413 1388 pecuniam
1486 1304 1913 1371 frumentario
1975 1304 2237 1369 nomine

233 1394 538 1475 ereptam,
575 1395 649 1456 ut
685 1392 879 1456 simul
915 1393 1102 1459 illam
1139 1413 1395 1475 quoque
1434 1392 1569 1457 eius
1608 1414 1832 1458 vocem
1869 1391 2237 1476 improbam

229 1480 617 1565 agnoscatis,
662 1480 773 1564 qui
810 1501 880 1544 se
918 1501 1047 1544 uno
1084 1483 1374 1563 quaestu.
1396 1480 1807 1549 decumarum
1855 1480 2074 1546 omnia
2121 1501 2240 1545 sua

151 1582 203 1624 ιβ
227 1568 513 1652 pericula
555 1568 1042 1651 redempturum
1087 1589 1228 1632 esse
1269 1567 1547 1634 dicebat.

359 1656 741 1721 Audivimus
788 1655 911 1720 hoc
954 1655 1088 1720 iam
1134 1655 1274 1738 diu,
1318 1655 1587 1738 iudices3
1632 1678 1801 1741 nego
1850 1678 2239 1741 quemquam
2259 1627 2345 1752 253

226 1748 515 1808 vestrum
560 1765 728 1825 esse,
781 1744 941 1825 quin
986 1764 1176 1826 saepe
1222 1742 1500 1808 audierit
1546 1745 1755 1809 socios
1801 1744 1992 1809 istius
2036 1743 2238 1811 fuisse

229 1832 630 1895 decumanos,
719 1829 905 1895 Nihil
961 1830 1139 1895 aliud
1193 1831 1479 1895 arbitror
1523 1831 1692 1895 falso
1739 1832 1809 1894 in
1849 1831 2053 1897 istum
2093 1851 2239 1895 esse

229 1919 471 1983 dictum
535 1919 618 1981 ab
681 1918 790 2001 iis,
854 1918 965 2001 qui
1022 1918 1195 1987 male
1251 1918 1329 1982 de
1383 1918 1514 1982 isto
1567 1918 2050 2000 existimarunt,
2112 1917 2240 1981 nisi

145 2022 199 2062 2⁰
226 2007 366 2073 hoc.
461 2003 635 2076 Nam
691 2005 851 2072 socii
904 2005 1178 2091 putandi
1233 2008 1414 2088 sunt,
1468 2027 1631 2089 quos
1685 2004 1857 2072 inter
1910 2026 2014 2071 res
2070 2027 2238 2070 com-

226 2095 556 2161 municata
627 2099 756 2178 est3
828 2116 952 2180 ego
1022 2116 1165 2158 rem
1235 2097 1448 2159 totam
1518 2092 1942 2176 fortunasque
2003 2114 2238 2157 omnes

227 2187 563 2248 aratorum
624 2182 815 2248 istius
878 2181 1081 2250 fuisse
1134 2181 1319 2265 dico;
1381 2180 1745 2265 Apronium
1797 2178 2239 2264 Veneriosque

227 2291 471 2352 servos,
517 2270 688 2353 quod
722 2271 852 2334 isto
899 2274 1199 2353 praetore
1243 2269 1374 2333 fuit
1411 2291 1658 2333 novum
1701 2290 1908 2354 genus
1954 2268 2239 2353 publica·

225 2379 478 2440 norum,
514 2362 888 2442 ceterosque
917 2358 1305 2428 decumanos
1333 2360 1788 2441 procuratores
1821 2357 2013 2422 istius
2052 2378 2240 2441 quae-

141 2459 198 2500 25
227 2448 370 2509 stus
436 2449 502 2510 et
567 2445 984 2512 administros
1039 2445 1416 2529 rapinarum
1467 2445 1667 2510 fuisse
1723 2444 1882 2511 dico.
1948 2482 2032 2491 —
2099 2443 2239 2521 Quo
2278 2465 2343 2513 51

225 2533 421 2599 modo
450 2534 573 2598 hoc
602 2534 836 2600 doces?
872 2570 947 2579 —
982 2532 1124 2610 Quo
1154 2533 1346 2598 modo
1377 2555 1455 2598 ex
1489 2534 1606 2598 illa
1639 2533 1963 2598 locatione
2002 2534 2240 2600 colum·

222 2643 460 2686 narum
523 2621 711 2687 docui
772 2622 974 2686 istum
1037 2642 1179 2686 esse
1240 2621 1648 2704 praedatum3
1714 2621 1969 2705 opinor,
2032 2642 2110 2683 ex
2164 2641 2239 2685 eo

225 2708 531 2789 maxime,
566 2709 782 2790 quod
763 2709 1055 2792 iniquam
1087 2710 1302 2794 legem
1322 2729 1702 2808 novamque
1742 2708 2025 2772 dixisset.
2082 2706 2240 2782 Quis

226 2793 404 2857 enim
467 2815 776 2876 umquam
835 2800 1106 2862 conatus
1162 2799 1262 2860 est
1317 2796 1460 2861 iura
1514 2795 1731 2860 omnia
1786 2800 1854 2858 et
1907 2798 2242 2860 consuetu-

131 2899 194 2939 80
224 2881 447 2946 dinem
522 2881 809 2946 omnium
881 2888 1279 2950 commutare
1354 2904 1499 2949 cum
1562 2882 2038 2966 vituperatione
2102 2880 2241 2945 sine

223 2968 548 3053 quaestu?
629 2966 907 3053 Pergam
964 2975 1031 3035 et
1083 2972 1388 3055 insequar
1443 2969 1722 3054 longius.
1810 2970 2043 3053 Iniqua
2097 2969 2242 3053 lege

222 3056 578 3140 vendebas,
635 3076 762 3138 quo
817 3058 1024 3141 pluris
1077 3059 1403 3128 venderes,
1494 3055 1624 3122 Cur
1679 3056 1951 3122 addictis
1999 3057 2131 3122 iam
2178 3059 2243 3120 et

220 3144 507 3210 venditis
565 3143 875 3228 decumis,
931 3167 1077 3209 cum
1129 3146 1261 3212 iam
1316 3146 1399 3210 ad
1454 3166 1774 3210 summam
1829 3144 2243 3212 decumarum

218 3233 419 3315 nihil,
493 3232 573 3298 ad
641 3235 828 3297 tuum
893 3236 1235 3315 quaestum
1298 3234 1577 3299 multum
1640 3236 1864 3317 posset
1929 3232 2242 3316 accedere,

129 3335 188 3376 ³6
221 3321 447 3385 subito
513 3325 709 3404 atque
774 3342 852 3385 ex
914 3325 1206 3404 tempore
1270 3343 1442 3388 nova
1498 3321 1932 3387 nascebantur
1988 3320 2242 3387 edicta?

217 3408 397 3473 Nam
433 3412 508 3473 ut
552 3408 997 3475 vadimonium
1044 3407 1425 3490 decumano,
1473 3429 1875 3492 quocumque
1920 3409 1977 3474 is
2024 3408 2241 3492 vellet,

217 3496 744 3581 promitteretur,
803 3502 877 3562 ut
934 3519 1010 3561 ex
1065 3519 1243 3580 area,
1300 3497 1427 3561 nisi
1459 3502 1711 3582 ¹pactus
1767 3501 1965 3582 esset,
2020 3501 2242 3562 arator

335 3607 443 3647 010.
468 3609 531 3650 11.
563 3612 599 3649 1.
1755 3608 1818 3655 19
