2566 4016
852 203 1006 262 GAP,
1045 209 1254 261 35—3'1
1293 210 1324 270 s
1364 210 1657 261 loo—108.
2177 206 2263 271 65

246 349 593 434 quisquam
667 347 875 413 utitur
946 369 1051 430 eo,
1127 348 1243 433 qui
1322 348 1400 416 de
1484 349 1873 416 accusatoris
1951 350 2263 415 subsellio

247 438 480 523 surgit.
568 434 716 501 Huc
763 436 1034 517 accedit,
1087 436 1260 519 quod
1304 436 1499 519 paulo
1543 439 1767 502 tamen
1810 437 2122 504 occultior
2168 442 2263 502 at-

246 545 371 610 que
424 523 661 590 tectior
718 527 938 588 vestra
999 524 1129 589 ista
1190 523 1511 607 cupiditas
1576 528 1762 588 esset.
1859 523 2049 589 Nunc
2110 525 2266 609 quid

245 615 374 696 est,
429 611 602 696 quod
655 611 998 696 quisquam
1053 633 1130 676 ex
1183 611 1371 677 vobis
1427 612 1648 686 audire
1704 611 2048 695 desideret,
2101 633 2265 693 cum,

191 726 219 769 ο
248 722 413 786 quae
447 699 684 781 facitis,
721 699 857 763 eius
896 699 1070 764 modi
1107 699 1259 781 sint,
1293 703 1367 764 ut
1404 721 1481 765 ea
1516 699 1732 765 dedita
1767 721 1965 783 opera
2002 721 2043 764 a
2075 700 2264 766 nobis

247 792 480 854 contra
523 790 777 852 vosmet
819 787 998 870 ipsos
1043 786 1253 853 facere
1299 787 1690 854 videamini?

385 876 528 960 Age
562 895 733 939 nunc
768 874 886 940 illa
920 874 1269 959 videamus,
1313 875 1573 954 iudices,
1620 898 1782 959 quae
1820 876 2048 941 statim
2084 896 2230 941 con·
2269 897 2369 947 105

248 967 471 1028 secuta
515 966 684 1027 sunt.
757 962 863 1026 Ad
907 961 1290 1028 Volaterras
1333 964 1402 1030 in
1447 968 1663 1029 castra
1705 963 1777 1029 L.
1824 961 2043 1029 Sullae
2089 984 2264 1029 mors
2284 962 2366 1026 37

249 1049 390 1117 Sex.
437 1050 635 1115 Rosci
680 1050 1055 1134 quadriduo,
1104 1071 1232 1135 quo
1260 1051 1335 1124 ,is
1382 1052 1630 1117 occisus
1675 1056 1793 1135 est,
1839 1051 2265 1136 Chrysogono

169 1165 223 1204 ιο
248 1138 606 1205 nuntiatur.
698 1137 1045 1214 Quaeritur
1089 1138 1290 1203 etiam
1332 1160 1529 1221 nunc,
1585 1139 1729 1223 quis
1774 1161 1923 1203 eum
1966 1139 2267 1203 nuntium

250 1226 547 1291 miserit?
582 1246 796 1290 nonne
831 1225 1240 1310 perspicuum
1277 1230 1379 1290 est
1415 1226 1704 1312 eundem,
1741 1226 1854 1309 qui
1888 1224 2267 1290 Ameriam?

253 1314 454 1379 Curat
491 1312 973 1398 Chrysogonus,
1016 1317 1092 1378 ut
1137 1313 1272 1378 eius
1318 1313 1491 1377 bona
1536 1316 1813 1379 veneant
1857 1312 2112 1396 statim3
2158 1312 2270 1396 qui

250 1424 384 1468 non
444 1405 639 1467 norat
700 1400 1029 1466 hominem
1093 1405 1206 1467 aut
1269 1423 1424 1465 rem.
1524 1399 1617 1465 At
1683 1401 1793 1484 qui
1853 1401 1911 1465 ei
1969 1401 2145 1465 venit
2200 1401 2269 1464 in

250 1494 534 1554 mentem
597 1489 862 1573 praedia
925 1490 1373 1572 concupiscere
1427 1488 1710 1554 hominis
1774 1489 2010 1575 ignoti,
2077 1511 2269 1573 quem

170 1602 223 1643 ιε
251 1577 515 1643 omnino
596 1598 952 1660 numquam
1032 1577 1329 1641 viderat?
1390 1617 1393 1620 -
1447 1574 1712 1661 Soletis,
1791 1599 1937 1643 cum
2024 1577 2269 1660 aliquid

250 1667 515 1731 huiusce
543 1664 719 1729 modi
747 1664 1039 1747 audistis,
1065 1665 1327 1748 iudices,
1362 1665 1669 1730 continuo
1696 1665 1929 1730 dicere:
1968 1663 2268 1731 ‘Necesse

252 1758 353 1819 est
407 1753 691 1837 aliquem
744 1751 981 1818 dixisse
1035 1753 1423 1837 municipem
1479 1757 1592 1818 aut
1655 1753 1965 1835 vicinum3
2027 1753 2075 1816 ii
2137 1753 2269 1834 ple-

252 1862 524 1923 rumque
575 1840 888 1922 indicant,
942 1862 1059 1924 per
1113 1862 1223 1905 eos
1277 1841 1570 1923 plerique
1625 1838 2021 1922 produntur?
2111 1838 2237 1902 Hic
2274 1860 2373 1908 106

252 1928 421 1992 nihil
466 1931 582 2011 est,
626 1927 797 2011 quod
840 1927 888 2010 †
933 1928 1363 2012 suspicionem
1406 1927 1528 1991 hoc
1571 1927 1831 2011 putetis.
1904 1924 2055 1990 Non
2099 1925 2270 1991 enim

172 2043 230 2084 so
257 2038 380 2103 ego
426 2017 521 2081 ita
566 2016 936 2099 disputabo:
984 2015 1164 2081 ‘Veri
1209 2015 1420 2079 simile
1456 2019 1557 2078 est
1593 2014 1861 2078 Roscios
1899 2014 2097 2078 istam
2134 2035 2268 2078 rem

254 2106 337 2171 ad
373 2103 868 2189 Chrysogonum
915 2103 1251 2185 detulisse;
1298 2105 1439 2167 erat
1476 2101 1646 2166 enim
1684 2101 1776 2165 eis
1814 2123 1958 2165 cum
1994 2099 2272 2184 Chryso-

258 2215 431 2280 gono
476 2192 610 2257 iam
654 2196 849 2256 antea
897 2191 1210 2273 amicitia;
1262 2213 1418 2255 nam
1463 2211 1610 2255 cum
1646 2189 1889 2254 multos
1935 2192 2184 2254 veteres
2231 2212 2272 2254 a

253 2280 608 2345 maioribus
634 2278 853 2344 Roscii
878 2284 1189 2362 patronos
1225 2278 1643 2362 hospitesque
1681 2278 2014 2361 haberent,
2048 2299 2271 2342 omnes

252 2390 366 2433 eos
402 2368 615 2434 colere
652 2372 846 2451 atque
883 2367 1228 2432 observare
1261 2367 1653 2431 destiterunt
1690 2388 1765 2431 ac
1801 2387 1870 2430 se
1898 2366 1968 2431 in
1991 2362 2273 2450 Chryso-

170 2481 226 2523 ιε
257 2457 412 2542 goni
454 2455 649 2520 fidem
694 2460 760 2519 et
805 2455 1174 2545 clientelam
1218 2453 1669 2525 contulerunt?
1741 2453 1920 2520 Haec
1968 2476 2237 2538 possum
2276 2474 2375 2522 107

255 2544 471 2609 omnia
524 2565 673 2608 vere
728 2543 934 2608 dicere
952 2592 970 2626 ,
1025 2543 1137 2607 sed
1181 2542 1249 2606 in
1293 2542 1417 2607 hac
1461 2563 1655 2607 causa
1698 2542 2067 2608 coniectura
2100 2543 2273 2606 -nihil

254 2630 1724 2804 3¹33}2333?⁰3053533820³5m531¹35031²50
1770 2630 1863 2782 ἒ,
1896 2630 2081 2781 ἷῗὲ·
2101 2629 2273 2800 ¹⁰2¹}ss

467 2776 470 2779 ,
1676 2766 1693 2782 .
2080 2766 2098 2797 ‚

253 2806 474 2871 indicii
532 2811 785 2889 partem
853 2806 1196 2888 acceperit,
1260 2805 1463 2870 oculis
1522 2806 1797 2870 cernetis
1804 2854 1822 2889 ,
1887 2803 2271 2887 poteritisne

169 2920 225 2959 so
253 2894 582 2976 dubitare,
637 2895 903 2977 iudices,
952 2893 1094 2977 quis
1141 2893 1484 2965 indicarit?
1576 2892 1701 2967 Qui
1746 2896 1897 2956 sunt
1943 2892 2148 2976 igitur
2205 2891 2273 2953 in

251 2983 399 3048 istis
438 2982 646 3064 boniS,
693 2983 927 3066 quibus
965 2985 1218 3064 partem
1254 2979 1719 3065 Chrysogonus
1762 2978 2052 3044 dederit?
2124 2977 2270 3056 Duo

239 3070 488 3136 Roscii.
577 3069 751 3134 Num
798 3070 1095 3152 quisnam
1140 3069 1515 3151 praeterea?
1597 3067 1805 3132 Nemo
1853 3070 1971 3149 est,
2015 3065 2271 3131 iudices,

250 3157 426 3224 Num
488 3178 647 3242 ergo
693 3157 958 3227 dubium
1006 3160 1131 3239 est,
1185 3157 1343 3240 quin
1385 3156 1433 3218 ii
1479 3156 1836 3220 obtulerint
1880 3154 2048 3217 hanc
2091 3173 2272 3236 prae-

249 3247 402 3315 dam
439 3243 885 3330 ChrysogonO,
932 3245 1043 3328 qui
1081 3244 1163 3309 ab
1203 3265 1278 3308 eo
1316 3247 1571 3327 partem
1616 3242 1889 3325 praedae
1935 3241 2270 3318 tulerunt?

165 3358 221 3399 ³5
385 3333 532 3420 Age
577 3355 747 3403 nunc
787 3355 864 3403 ex
900 3332 1104 3417 ipsius
1142 3331 1550 3415 Chrysogoni
1583 3329 1816 3394 iudicio
1854 3328 2236 3405 Rosciorum
2275 3348 2374 3397 108

245 3422 497 3487 factum
544 3421 1036 3488 consideremus.
1127 3418 1196 3483 Si
1239 3418 1406 3481 nihil
1459 3418 1528 3480 in
1579 3417 1709 3482 ista
1766 3438 1987 3503 pugna
2030 3417 2271 3502 Roscii,

250 3510 427 3591 quod
472 3529 706 3593 operae
742 3508 1025 3593 pretium
1063 3510 1254 3589 esset,
1299 3504 1602 3600 fecerant,
1649 3527 1851 3589 quam-
1881 3507 1964 3602 ob
2005 3529 2270 3583 causam

359 3620 622 3663 cxc.11.1.
1805 3615 1836 3663 5
