2566 4016
427 233 561 297 454
1036 230 1117 289 IN
1152 230 1211 286 0.
1238 229 1547 285 VERREM
1581 227 1735 284 AcT.
1775 228 1843 285 II.

428 376 689 462 penitus
743 374 984 457 exciso;
1046 374 1212 439 nihil
1265 378 1407 438 tam
1461 374 1756 440 clausum
1810 372 1894 438 ad
1945 372 2205 455 exitum,
2255 369 2378 434 nihil

430 468 567 529 tam
607 467 906 548 saeptum
951 462 1249 545 undique,
1293 462 1460 527 nihil
1504 465 1646 528 tam
1689 465 1910 527 tutum
1955 461 2038 526 ad
2078 459 2379 527 custodiam

429 574 549 618 nec
609 551 752 617 fieri
804 572 922 617 nec
977 551 1254 636 cogitari
1306 554 1544 636 potest.
1636 547 1716 613 In
1768 549 1890 615 has
1944 548 2296 631 lautumias,
2342 545 2380 612 si

476 639 546 705 ui
580 639 839 725 publice
879 638 1281 705 custodiendi
1327 642 1496 721 sunt,
1543 638 1742 703 etiam
1789 659 1868 703 ex
1912 637 2137 703 ceteris
2183 634 2380 721 oppidis

329 745 395 794 69
479 728 693 794 iciliae
734 727 959 793 deduci
1002 728 1425 812 imperantur.
1496 725 1597 792 Eo
1644 726 1817 810 quod
1860 727 2102 791 multos
2147 723 2410 810 captivos⁵

433 817 593 882 civis
630 816 961 881 Romanos
997 815 1377 900 coniecerat,
1424 814 1598 899 quod
1633 814 1859 880 eodem
1905 818 2148 879 ceteros
2191 812 2383 898 piratas

434 904 625 971 condi
667 904 1044 988 imperarat,
1089 903 1436 987 intellexit,
1481 903 1538 967 si
1583 902 1755 968 hunc
1801 902 2193 968 subditivum
2233 899 2385 966 archi-

431 993 718 1079 piratam
788 991 858 1057 in
930 992 1199 1058 eandem
1261 990 1624 1057 custodiam
1688 990 1996 1075 dedisset,
2066 989 2203 1056 fore
2255 992 2318 1053 ut
2360 1008 2386 1051 a

435 1080 661 1146 multis
697 1080 767 1149 in
803 1080 1138 1146 lautumiis
1173 1102 1365 1145 verus
1401 1080 1515 1144 ille
1554 1080 1678 1145 dux
1718 1083 2152 1163 quaereretur.
2211 1076 2242 1141 I
2332 1096 2384 1139 ue

407 1168 767 1235 hominem
828 1168 981 1235 huic
1042 1169 1327 1254 optimae
1380 1168 1877 1251 tutissimaeque
1932 1167 2252 1233 custodiae
2294 1184 2387 1229 non
2400 1177 2424 1217 ι·

438 1258 633 1327 audet
708 1257 1142 1340 committere,
1215 1257 1490 1341 denique
1561 1253 1918 1340 Syracusas
1988 1260 2167 1322 totas
2231 1254 2386 1332 timet,

438 1346 743 1413 amendat
768 1345 1100 1411 hominem
1123 1382 1209 1393 -—
1234 1345 1408 1428 quo‘?
1441 1344 1826 1429 Lilybaeum
1850 1344 2175 1410 fortasse?
2208 1341 2385 1421 videm

437 1437 658 1498 tamen
737 1433 1033 1498 homines
1114 1436 1502 1499 maritumos
1583 1454 1718 1498 non
1786 1434 1978 1518 plane
2052 1430 2386 1498 reformidat

436 1520 731 1603 Minime,
784 1519 1044 1586 iudices.
1124 1520 1569 1587 Panhormum
1612 1520 1861 1607 igitur?
1931 1521 2174 1605 Audi03
2224 1538 2384 1604 quam·

438 1630 633 1692 quam
679 1605 1043 1692 Syracusis,
1095 1608 1403 1692 quoniam
1447 1609 1517 1674 in
1563 1606 1966 1693 Syracusano
2011 1613 2237 1695 captus
2275 1608 2385 1684 erat,
2400 1618 2421 1656 ¹⁵

437 1714 755 1779 maxume,
805 1695 864 1761 si
907 1696 1121 1762 minus
1166 1697 1485 1782 supplicio
1532 1697 1737 1781 adfici,
1787 1701 1859 1762 at
1903 1698 2213 1763 custodiri
2253 1714 2383 1780 opor-

334 1800 402 1852 '10
437 1785 641 1850 tebat.
712 1782 814 1849 Ne
850 1784 1294 1850 Panhormum
1331 1785 1606 1869 quidem.
1688 1785 1829 1862 Quo
1871 1785 2120 1870 igitur?
2166 1806 2280 1870 quo
2314 1802 2384 1867 pu-

436 1874 641 1940 tatis?
730 1872 837 1938 Ad
889 1873 1184 1939 homines
1242 1896 1280 1938 a
1333 1874 1696 1959 piratarum
1748 1877 1929 1939 metu
1973 1878 2040 1938 et
2089 1871 2384 1958 suspicione

438 1962 900 2045 alienissimoS,
955 1984 995 2028 a
1046 1961 1415 2049 navigando
1462 1962 1782 2047 rebusque
1828 1962 2195 2029 maritumis
2236 1977 2384 2026 remo

436 2051 757 2135 tissimos,
806 2050 890 2116 ad
935 2048 1421 2136 Centuripinos,
1473 2050 1769 2116 homines
1822 2052 2105 2117 maxime
2154 2049 2414 2116 mediter-⁸³

438 2161 689 2222 raneos,
735 2160 1023 2205 summos
1070 2143 1379 2222 aratores,
1423 2139 1535 2223 qui
1578 2160 1815 2204 nomen
1859 2161 2215 2224 numquam
2252 2137 2385 2202 timue

437 2228 643 2294 issent
662 2227 997 2294 maritumi
1014 2227 1378 2311 praedonis,
1403 2248 1604 2292 unum
1621 2230 1687 2291 te
1714 2231 2019 2312 praetore
2043 2224 2385 2294 horruissent

437 2315 828 2400 Apronium,
900 2319 1278 2380 terrestrem
1352 2315 1835 2400 archipiratam.
1931 2314 2020 2380 Et
2089 2319 2167 2381 ut
2232 2308 2385 2399 quivis

435 2403 628 2468 facile
682 2402 1084 2486 perspiceret·
1126 2402 1194 2467 id
1238 2403 1323 2468 ab
1368 2403 1497 2468 isto
1544 2407 1762 2468 actum
1805 2425 1974 2486 esse,
2018 2408 2099 2469 ut
2141 2404 2251 2469 ille
2287 2418 2385 2480 sup

436 2489 690 2575 positus
729 2488 922 2553 facile
967 2492 1035 2553 et
1080 2490 1361 2555 libenter
1406 2513 1473 2556 se
1518 2491 1724 2574 illum,
1768 2492 1884 2576 qui
1924 2513 2061 2557 non
2104 2495 2257 2574 erat,
2292 2492 2417 2551 csse25

439 2577 795 2661 simularet,
838 2576 1119 2661 imperat
1152 2576 1612 2663 Centuripinis,
1653 2583 1730 2643 ut
1764 2579 1820 2643 is
1866 2579 2045 2645 victu
2090 2578 2386 2657 ceterisque

437 2666 630 2731 rebus
686 2686 882 2751 quam
936 2665 1435 2733 liber-alissume
1467 2667 2138 2752 commodissumeque
2191 2662 2386 2732 adhibe

438 2760 636 2820 retur.
1175 2769 1180 2772 ’

331 2814 418 2941 ΞῙΒ
569 2842 829 2910 Interea
864 2840 1271 2926 Syracusani,
1315 2842 1609 2908 homines
1655 2842 1851 2927 periti
1895 2846 1963 2907 et
2006 2841 2284 2923 humani,
2316 2832 2388 2919 qui

437 2953 570 2996 non
623 2931 815 2996 modo
871 2953 973 3015 ea,
1029 2951 1194 3014 quae
1237 2930 1582 3015 perspicua
1625 2934 1869 3013 essent,
1921 2931 2171 3016 videre,
2221 2933 2419 2994 verum³¹

419 3020 636 3085 etiam
700 3018 954 3084 occulta
1012 3017 1329 3101 suspicari
1383 3022 1678 3103 possent,
1741 3018 2074 3085 habebant
2127 3018 2389 3083 rationem

437 3127 661 3174 omnes
706 3106 943 3174 cotidie
986 3106 1376 3191 pirata-rum,
1423 3106 1533 3190 qui
1581 3106 1789 3172 securi
1831 3106 2207 3190 ferirentur3
2249 3117 2391 3188 quam

436 3196 678 3266 multos
743 3214 884 3260 esse
948 3197 1307 3279 oporteret,
1369 3215 1446 3260 ex
1509 3194 1655 3278 ipso
1715 3194 2010 3280 navigio,
2073 3193 2244 3279 quod
2297 3187 2391 3254 ent

435 3288 726 3369 captum,
788 3286 856 3348 et
918 3302 996 3347 ex
1059 3303 1389 3347 remorum
1445 3303 1715 3348 numero
1774 3283 2199 3349 coniciebant.
2287 3277 2394 3346 Isin,

439 3371 611 3452 quod
639 3370 870 3453 omnis,
906 3370 1018 3453 qui
1051 3370 1312 3436 artificii
1348 3370 1595 3453 aliquid
1629 3370 1995 3437 habuerant
2031 3374 2148 3436 aut
2181 3367 2421 3433 formam

437 3458 831 3603 {fffiffssiat
845 3458 2015 3632 „zisszfffflossbffffitmfflfflssgffliss
2068 3462 2394 3612 ³333}

764 3590 783 3621 θ
2017 3598 2036 3631 5
