<?xml version="1.0" encoding="UTF-8"?>
<!DOCTYPE html PUBLIC "-//W3C//DTD XHTML 1.0 Transitional//EN"
    "http://www.w3.org/TR/xhtml1/DTD/xhtml1-transitional.dtd">
<html xmlns="http://www.w3.org/1999/xhtml" xml:lang="en" lang="en">
 <head>
  <title>
</title>
<meta http-equiv="Content-Type" content="text/html;charset=utf-8" />
  <meta name='ocr-system' content='tesseract 3.04.00' />
  <meta name='ocr-capabilities' content='ocr_page ocr_carea ocr_par ocr_line ocrx_word'/>
</head>
<body>
  <div class='ocr_page' id='page_1' title='image "./scriptaquaemans00klotgoog_0610.png"; bbox 0 0 2566 4016; ppageno 0'>
   <div class='ocr_carea' id='block_1_1' title="bbox 319 239 1741 309">
    <p class='ocr_par' dir='ltr' id='par_1_1' title="bbox 319 239 1741 309">
     <span class='ocr_line' id='line_1_1' title="bbox 319 239 1741 309; baseline -0.009 -2"><span class='ocrx_word' id='word_1_1' title='bbox 319 242 453 309; x_wconf 84' lang='grc'>492</span> <span class='ocrx_word' id='word_1_2' title='bbox 925 240 1004 294; x_wconf 84' lang='lat' dir='ltr'>IN</span> <span class='ocrx_word' id='word_1_3' title='bbox 1044 240 1101 295; x_wconf 88' lang='lat' dir='ltr'>C.</span> <span class='ocrx_word' id='word_1_4' title='bbox 1129 239 1439 295; x_wconf 82' lang='lat' dir='ltr'>VERREM</span> <span class='ocrx_word' id='word_1_5' title='bbox 1474 239 1634 296; x_wconf 80' lang='lat' dir='ltr'>AcT.</span> <span class='ocrx_word' id='word_1_6' title='bbox 1673 240 1741 294; x_wconf 88' lang='lat' dir='ltr'>H.</span> 
     </span>
    </p>
   </div>
   <div class='ocr_carea' id='block_1_2' title="bbox 193 383 2449 3579">
    <p class='ocr_par' dir='ltr' id='par_1_2' title="bbox 193 383 2449 3579">
     <span class='ocr_line' id='line_1_2' title="bbox 317 383 2368 471; baseline 0 -20"><span class='ocrx_word' id='word_1_7' title='bbox 317 390 530 451; x_wconf 88' lang='lat' dir='ltr'>torem</span> <span class='ocrx_word' id='word_1_8' title='bbox 567 385 961 471; x_wconf 79' lang='lat' dir='ltr'>locupletem</span> <span class='ocrx_word' id='word_1_9' title='bbox 999 385 1203 471; x_wconf 89' lang='lat' dir='ltr'>daret,</span> <span class='ocrx_word' id='word_1_10' title='bbox 1239 384 1538 469; x_wconf 87' lang='lat' dir='ltr'>quamvis</span> <span class='ocrx_word' id='word_1_11' title='bbox 1576 384 1735 450; x_wconf 83' lang='lat' dir='ltr'>civis</span> <span class='ocrx_word' id='word_1_12' title='bbox 1772 383 2108 450; x_wconf 90' lang='lat' dir='ltr'>Romanus</span> <span class='ocrx_word' id='word_1_13' title='bbox 2146 390 2368 471; x_wconf 85' lang='lat' dir='ltr'>esset,</span> 
     </span>
     <span class='ocr_line' id='line_1_3' title="bbox 317 474 1094 540; baseline -0.003 0"><span class='ocrx_word' id='word_1_14' title='bbox 317 475 389 540; x_wconf 86' lang='lat' dir='ltr'>in</span> <span class='ocrx_word' id='word_1_15' title='bbox 433 496 689 540; x_wconf 90' lang='lat' dir='ltr'>crucem</span> <span class='ocrx_word' id='word_1_16' title='bbox 733 474 1094 539; x_wconf 90' lang='lat' dir='ltr'>tolleretur.</span> 
     </span>
     <span class='ocr_line' id='line_1_4' title="bbox 214 536 2366 665; baseline -0 -37"><span class='ocrx_word' id='word_1_17' title='bbox 214 536 318 665; x_wconf 50' lang='lat'>{339</span> <span class='ocrx_word' id='word_1_18' title='bbox 453 560 580 628; x_wconf 84' lang='lat' dir='ltr'>Sed</span> <span class='ocrx_word' id='word_1_19' title='bbox 616 561 771 648; x_wconf 89' lang='lat' dir='ltr'>quid</span> <span class='ocrx_word' id='word_1_20' title='bbox 807 582 929 647; x_wconf 87' lang='lat' dir='ltr'>ego</span> <span class='ocrx_word' id='word_1_21' title='bbox 964 562 1157 646; x_wconf 91' lang='lat' dir='ltr'>plura</span> <span class='ocrx_word' id='word_1_22' title='bbox 1197 561 1275 626; x_wconf 91' lang='lat' dir='ltr'>de</span> <span class='ocrx_word' id='word_1_23' title='bbox 1304 558 1558 627; x_wconf 75' lang='lat' dir='ltr'>Gavio?</span> <span class='ocrx_word' id='word_1_24' title='bbox 1605 560 1793 645; x_wconf 89' lang='lat' dir='ltr'>quasi</span> <span class='ocrx_word' id='word_1_25' title='bbox 1836 564 1912 626; x_wconf 85' lang='lat' dir='ltr'>tu</span> <span class='ocrx_word' id='word_1_26' title='bbox 1938 558 2147 627; x_wconf 79' lang='lat' dir='ltr'>Gavio</span> <span class='ocrx_word' id='word_1_27' title='bbox 2198 565 2366 627; x_wconf 88' lang='lat' dir='ltr'>tum</span> 
     </span>
     <span class='ocr_line' id='line_1_5' title="bbox 318 649 2365 735; baseline 0 -19"><span class='ocrx_word' id='word_1_28' title='bbox 318 650 523 717; x_wconf 81' lang='lat' dir='ltr'>fueris</span> <span class='ocrx_word' id='word_1_29' title='bbox 584 649 861 716; x_wconf 89' lang='lat' dir='ltr'>infestus</span> <span class='ocrx_word' id='word_1_30' title='bbox 924 671 1000 715; x_wconf 88' lang='lat' dir='ltr'>ac</span> <span class='ocrx_word' id='word_1_31' title='bbox 1060 671 1196 724; x_wconf 87' lang='lat' dir='ltr'>non</span> <span class='ocrx_word' id='word_1_32' title='bbox 1255 649 1533 732; x_wconf 87' lang='lat' dir='ltr'>nomini,</span> <span class='ocrx_word' id='word_1_33' title='bbox 1597 649 1849 735; x_wconf 79' lang='lat' dir='ltr'>generi,</span> <span class='ocrx_word' id='word_1_34' title='bbox 1908 649 2035 713; x_wconf 91' lang='lat' dir='ltr'>iuri</span> <span class='ocrx_word' id='word_1_35' title='bbox 2098 649 2365 716; x_wconf 81' lang='lat' dir='ltr'>civium</span> 
     </span>
     <span class='ocr_line' id='line_1_6' title="bbox 319 736 2424 822; baseline -0.001 -18"><span class='ocrx_word' id='word_1_36' title='bbox 319 739 552 806; x_wconf 86' lang='lat' dir='ltr'>hostis.</span> <span class='ocrx_word' id='word_1_37' title='bbox 612 736 766 804; x_wconf 91' lang='lat' dir='ltr'>Non</span> <span class='ocrx_word' id='word_1_38' title='bbox 801 738 920 822; x_wconf 91' lang='lat' dir='ltr'>illi,</span> <span class='ocrx_word' id='word_1_39' title='bbox 956 738 1240 822; x_wconf 88' lang='lat' dir='ltr'>inquam,</span> <span class='ocrx_word' id='word_1_40' title='bbox 1274 736 1546 820; x_wconf 87' lang='lat' dir='ltr'>homini,</span> <span class='ocrx_word' id='word_1_41' title='bbox 1591 736 1704 801; x_wconf 91' lang='lat' dir='ltr'>sed</span> <span class='ocrx_word' id='word_1_42' title='bbox 1742 757 1976 802; x_wconf 88' lang='lat' dir='ltr'>causae</span> <span class='ocrx_word' id='word_1_43' title='bbox 2010 738 2365 803; x_wconf 86' lang='lat' dir='ltr'>communi</span> <span class='ocrx_word' id='word_1_44' title='bbox 2393 761 2424 801; x_wconf 72' lang='lat' dir='ltr'><em>z</em></span> 
     </span>
     <span class='ocr_line' id='line_1_7' title="bbox 320 825 2366 909; baseline -0.001 -16"><span class='ocrx_word' id='word_1_45' title='bbox 320 827 649 893; x_wconf 71' lang='lat' dir='ltr'><strong>libertatis</strong></span> <span class='ocrx_word' id='word_1_46' title='bbox 711 825 1010 891; x_wconf 80' lang='lat' dir='ltr'>inimicus</span> <span class='ocrx_word' id='word_1_47' title='bbox 1072 825 1275 891; x_wconf 81' lang='lat' dir='ltr'>fuisti.</span> <span class='ocrx_word' id='word_1_48' title='bbox 1377 825 1547 901; x_wconf 82' lang='lat' dir='ltr'>Quid</span> <span class='ocrx_word' id='word_1_49' title='bbox 1601 825 1774 889; x_wconf 91' lang='lat' dir='ltr'>enim</span> <span class='ocrx_word' id='word_1_50' title='bbox 1829 825 2127 909; x_wconf 77' lang='lat' dir='ltr'>attinuit,</span> <span class='ocrx_word' id='word_1_51' title='bbox 2196 848 2366 892; x_wconf 88' lang='lat' dir='ltr'>cum</span> 
     </span>
     <span class='ocr_line' id='line_1_8' title="bbox 320 913 2365 998; baseline -0 -17"><span class='ocrx_word' id='word_1_52' title='bbox 320 915 693 981; x_wconf 71' lang='lat' dir='ltr'>Mamertini</span> <span class='ocrx_word' id='word_1_53' title='bbox 746 935 926 979; x_wconf 92' lang='lat' dir='ltr'>more</span> <span class='ocrx_word' id='word_1_54' title='bbox 982 918 1178 998; x_wconf 87' lang='lat' dir='ltr'>atque</span> <span class='ocrx_word' id='word_1_55' title='bbox 1226 913 1532 979; x_wconf 88' lang='lat' dir='ltr'>instituto</span> <span class='ocrx_word' id='word_1_56' title='bbox 1579 932 1695 978; x_wconf 88' lang='lat' dir='ltr'>suo</span> <span class='ocrx_word' id='word_1_57' title='bbox 1742 933 1998 979; x_wconf 88' lang='lat' dir='ltr'>crucem</span> <span class='ocrx_word' id='word_1_58' title='bbox 2042 913 2365 980; x_wconf 85' lang='lat' dir='ltr'>fixissent</span> 
     </span>
     <span class='ocr_line' id='line_1_9' title="bbox 321 1000 2365 1089; baseline 0 -20"><span class='ocrx_word' id='word_1_59' title='bbox 321 1007 475 1089; x_wconf 89' lang='lat' dir='ltr'>post</span> <span class='ocrx_word' id='word_1_60' title='bbox 527 1003 754 1067; x_wconf 88' lang='lat' dir='ltr'>urbem</span> <span class='ocrx_word' id='word_1_61' title='bbox 809 1003 881 1068; x_wconf 86' lang='lat' dir='ltr'>in</span> <span class='ocrx_word' id='word_1_62' title='bbox 933 1002 1041 1067; x_wconf 83' lang='lat' dir='ltr'>via</span> <span class='ocrx_word' id='word_1_63' title='bbox 1093 1001 1433 1085; x_wconf 91' lang='lat' dir='ltr'>Pompeia,</span> <span class='ocrx_word' id='word_1_64' title='bbox 1496 1005 1564 1065; x_wconf 90' lang='lat' dir='ltr'>te</span> <span class='ocrx_word' id='word_1_65' title='bbox 1618 1000 1840 1066; x_wconf 90' lang='lat' dir='ltr'>iubere</span> <span class='ocrx_word' id='word_1_66' title='bbox 1894 1002 1965 1065; x_wconf 94' lang='lat' dir='ltr'>in</span> <span class='ocrx_word' id='word_1_67' title='bbox 2018 1022 2096 1065; x_wconf 92' lang='lat' dir='ltr'>ea</span> <span class='ocrx_word' id='word_1_68' title='bbox 2146 1006 2365 1086; x_wconf 83' lang='lat' dir='ltr'>parte</span> 
     </span>
     <span class='ocr_line' id='line_1_10' title="bbox 320 1088 2365 1177; baseline 0 -23"><span class='ocrx_word' id='word_1_69' title='bbox 320 1091 541 1177; x_wconf 85' lang='lat' dir='ltr'>figere,</span> <span class='ocrx_word' id='word_1_70' title='bbox 587 1112 751 1175; x_wconf 89' lang='lat' dir='ltr'>quae</span> <span class='ocrx_word' id='word_1_71' title='bbox 789 1089 871 1156; x_wconf 90' lang='lat' dir='ltr'>ad</span> <span class='ocrx_word' id='word_1_72' title='bbox 909 1090 1150 1155; x_wconf 86' lang='lat' dir='ltr'>fretum</span> <span class='ocrx_word' id='word_1_73' title='bbox 1196 1092 1541 1174; x_wconf 74' lang='lat' dir='ltr'>spectaret,</span> <span class='ocrx_word' id='word_1_74' title='bbox 1586 1092 1652 1153; x_wconf 91' lang='lat' dir='ltr'>et</span> <span class='ocrx_word' id='word_1_75' title='bbox 1696 1089 1822 1154; x_wconf 84' lang='lat' dir='ltr'>hoc</span> <span class='ocrx_word' id='word_1_76' title='bbox 1868 1088 2118 1173; x_wconf 82' lang='lat' dir='ltr'>addere,</span> <span class='ocrx_word' id='word_1_77' title='bbox 2168 1091 2365 1174; x_wconf 84' lang='lat' dir='ltr'>quod</span> 
     </span>
     <span class='ocr_line' id='line_1_11' title="bbox 320 1177 2449 1264; baseline 0 -21"><span class='ocrx_word' id='word_1_78' title='bbox 320 1200 563 1264; x_wconf 82' lang='lat' dir='ltr'>negare</span> <span class='ocrx_word' id='word_1_79' title='bbox 613 1178 799 1244; x_wconf 91' lang='lat' dir='ltr'>nullo</span> <span class='ocrx_word' id='word_1_80' title='bbox 854 1178 1047 1243; x_wconf 90' lang='lat' dir='ltr'>modo</span> <span class='ocrx_word' id='word_1_81' title='bbox 1093 1181 1307 1262; x_wconf 90' lang='lat' dir='ltr'>potes,</span> <span class='ocrx_word' id='word_1_82' title='bbox 1361 1177 1533 1262; x_wconf 88' lang='lat' dir='ltr'>quod</span> <span class='ocrx_word' id='word_1_83' title='bbox 1579 1177 1879 1243; x_wconf 87' lang='lat' dir='ltr'>omnibus</span> <span class='ocrx_word' id='word_1_84' title='bbox 1924 1177 2360 1245; x_wconf 77' lang='lat' dir='ltr'>audientibus</span> <span class='ocrx_word' id='word_1_85' title='bbox 2395 1203 2449 1243; x_wconf 83' lang='grc' dir='ltr'>ιο</span> 
     </span>
     <span class='ocr_line' id='line_1_12' title="bbox 323 1264 2363 1352; baseline 0 -20"><span class='ocrx_word' id='word_1_86' title='bbox 323 1267 547 1332; x_wconf 80' lang='lat' dir='ltr'>dixisti</span> <span class='ocrx_word' id='word_1_87' title='bbox 582 1267 824 1351; x_wconf 92' lang='lat' dir='ltr'>palam,</span> <span class='ocrx_word' id='word_1_88' title='bbox 867 1270 935 1331; x_wconf 90' lang='lat' dir='ltr'>te</span> <span class='ocrx_word' id='word_1_89' title='bbox 969 1265 1206 1332; x_wconf 89' lang='lat' dir='ltr'>idcirco</span> <span class='ocrx_word' id='word_1_90' title='bbox 1241 1265 1433 1330; x_wconf 92' lang='lat' dir='ltr'>illum</span> <span class='ocrx_word' id='word_1_91' title='bbox 1479 1265 1693 1331; x_wconf 90' lang='lat' dir='ltr'>locum</span> <span class='ocrx_word' id='word_1_92' title='bbox 1740 1264 2044 1351; x_wconf 84' lang='lat' dir='ltr'>deligere,</span> <span class='ocrx_word' id='word_1_93' title='bbox 2086 1268 2164 1330; x_wconf 87' lang='lat' dir='ltr'>ut</span> <span class='ocrx_word' id='word_1_94' title='bbox 2210 1267 2363 1352; x_wconf 88' lang='lat' dir='ltr'>ille,</span> 
     </span>
     <span class='ocr_line' id='line_1_13' title="bbox 324 1352 2362 1439; baseline 0 -18"><span class='ocrx_word' id='word_1_95' title='bbox 324 1357 633 1439; x_wconf 87' lang='lat' dir='ltr'>quoniam</span> <span class='ocrx_word' id='word_1_96' title='bbox 687 1376 756 1419; x_wconf 90' lang='lat' dir='ltr'>se</span> <span class='ocrx_word' id='word_1_97' title='bbox 809 1354 1015 1420; x_wconf 83' lang='lat' dir='ltr'>civem</span> <span class='ocrx_word' id='word_1_98' title='bbox 1070 1354 1439 1419; x_wconf 88' lang='lat' dir='ltr'>Romanum</span> <span class='ocrx_word' id='word_1_99' title='bbox 1493 1374 1634 1418; x_wconf 89' lang='lat' dir='ltr'>esse</span> <span class='ocrx_word' id='word_1_100' title='bbox 1690 1352 1959 1437; x_wconf 88' lang='lat' dir='ltr'>diceret,</span> <span class='ocrx_word' id='word_1_101' title='bbox 2019 1375 2097 1418; x_wconf 88' lang='lat' dir='ltr'>ex</span> <span class='ocrx_word' id='word_1_102' title='bbox 2150 1375 2362 1421; x_wconf 85' lang='lat' dir='ltr'>cruce</span> 
     </span>
     <span class='ocr_line' id='line_1_14' title="bbox 321 1441 2362 1526; baseline 0.001 -19"><span class='ocrx_word' id='word_1_103' title='bbox 321 1442 588 1507; x_wconf 89' lang='lat' dir='ltr'>Italiam</span> <span class='ocrx_word' id='word_1_104' title='bbox 646 1463 905 1506; x_wconf 91' lang='lat' dir='ltr'>cernere</span> <span class='ocrx_word' id='word_1_105' title='bbox 960 1463 1036 1506; x_wconf 89' lang='lat' dir='ltr'>ac</span> <span class='ocrx_word' id='word_1_106' title='bbox 1091 1442 1354 1506; x_wconf 89' lang='lat' dir='ltr'>domum</span> <span class='ocrx_word' id='word_1_107' title='bbox 1409 1462 1594 1507; x_wconf 90' lang='lat' dir='ltr'>suam</span> <span class='ocrx_word' id='word_1_108' title='bbox 1647 1441 2016 1525; x_wconf 76' lang='lat' dir='ltr'>prospicere</span> <span class='ocrx_word' id='word_1_109' title='bbox 2068 1445 2362 1526; x_wconf 72' lang='lat' dir='ltr'>posset?</span> 
     </span>
     <span class='ocr_line' id='line_1_15' title="bbox 321 1528 2357 1613; baseline 0.001 -19"><span class='ocrx_word' id='word_1_110' title='bbox 321 1529 553 1613; x_wconf 84' lang='lat' dir='ltr'>Itaque</span> <span class='ocrx_word' id='word_1_111' title='bbox 580 1529 700 1592; x_wconf 90' lang='lat' dir='ltr'>illa</span> <span class='ocrx_word' id='word_1_112' title='bbox 734 1550 891 1593; x_wconf 85' lang='lat' dir='ltr'>crux</span> <span class='ocrx_word' id='word_1_113' title='bbox 928 1529 1089 1612; x_wconf 91' lang='lat' dir='ltr'>sola,</span> <span class='ocrx_word' id='word_1_114' title='bbox 1125 1528 1387 1611; x_wconf 88' lang='lat' dir='ltr'>iudices,</span> <span class='ocrx_word' id='word_1_115' title='bbox 1422 1533 1577 1612; x_wconf 90' lang='lat' dir='ltr'>post</span> <span class='ocrx_word' id='word_1_116' title='bbox 1611 1529 1937 1594; x_wconf 87' lang='lat' dir='ltr'>conditam</span> <span class='ocrx_word' id='word_1_117' title='bbox 1965 1528 2357 1597; x_wconf 77' lang='lat' dir='ltr'>Messanam</span> 
     </span>
     <span class='ocr_line' id='line_1_16' title="bbox 321 1615 2440 1701; baseline 0.001 -20"><span class='ocrx_word' id='word_1_118' title='bbox 321 1617 438 1682; x_wconf 92' lang='lat' dir='ltr'>illo</span> <span class='ocrx_word' id='word_1_119' title='bbox 487 1617 559 1680; x_wconf 92' lang='lat' dir='ltr'>in</span> <span class='ocrx_word' id='word_1_120' title='bbox 603 1617 746 1681; x_wconf 90' lang='lat' dir='ltr'>loco</span> <span class='ocrx_word' id='word_1_121' title='bbox 792 1615 925 1680; x_wconf 87' lang='lat' dir='ltr'>fixa</span> <span class='ocrx_word' id='word_1_122' title='bbox 968 1620 1087 1680; x_wconf 87' lang='lat' dir='ltr'>est.</span> <span class='ocrx_word' id='word_1_123' title='bbox 1167 1615 1403 1681; x_wconf 90' lang='lat' dir='ltr'>Italiae</span> <span class='ocrx_word' id='word_1_124' title='bbox 1450 1620 1831 1701; x_wconf 89' lang='lat' dir='ltr'>conspectus</span> <span class='ocrx_word' id='word_1_125' title='bbox 1879 1616 1961 1682; x_wconf 90' lang='lat' dir='ltr'>ad</span> <span class='ocrx_word' id='word_1_126' title='bbox 2007 1626 2153 1682; x_wconf 91' lang='lat' dir='ltr'>eam</span> <span class='ocrx_word' id='word_1_127' title='bbox 2204 1642 2356 1685; x_wconf 89' lang='lat' dir='ltr'>rem</span> <span class='ocrx_word' id='word_1_128' title='bbox 2387 1643 2440 1683; x_wconf 82' lang='lat'>15</span> 
     </span>
     <span class='ocr_line' id='line_1_17' title="bbox 323 1703 2357 1792; baseline 0.002 -22"><span class='ocrx_word' id='word_1_129' title='bbox 323 1705 408 1770; x_wconf 88' lang='lat' dir='ltr'>ab</span> <span class='ocrx_word' id='word_1_130' title='bbox 470 1705 600 1769; x_wconf 88' lang='lat' dir='ltr'>isto</span> <span class='ocrx_word' id='word_1_131' title='bbox 666 1703 953 1769; x_wconf 90' lang='lat' dir='ltr'>delectus</span> <span class='ocrx_word' id='word_1_132' title='bbox 1018 1708 1145 1787; x_wconf 89' lang='lat' dir='ltr'>est,</span> <span class='ocrx_word' id='word_1_133' title='bbox 1206 1708 1282 1768; x_wconf 89' lang='lat' dir='ltr'>ut</span> <span class='ocrx_word' id='word_1_134' title='bbox 1345 1704 1456 1770; x_wconf 88' lang='lat' dir='ltr'>ille</span> <span class='ocrx_word' id='word_1_135' title='bbox 1513 1705 1584 1769; x_wconf 92' lang='lat' dir='ltr'>in</span> <span class='ocrx_word' id='word_1_136' title='bbox 1643 1704 1863 1770; x_wconf 90' lang='lat' dir='ltr'>dolore</span> <span class='ocrx_word' id='word_1_137' title='bbox 1922 1706 2357 1792; x_wconf 87' lang='lat' dir='ltr'>cruciatuque</span> 
     </span>
     <span class='ocr_line' id='line_1_18' title="bbox 322 1791 2354 1878; baseline 0.002 -20"><span class='ocrx_word' id='word_1_138' title='bbox 322 1793 608 1859; x_wconf 89' lang='lat' dir='ltr'>moriens</span> <span class='ocrx_word' id='word_1_139' title='bbox 641 1796 1039 1878; x_wconf 87' lang='lat' dir='ltr'>perangusto</span> <span class='ocrx_word' id='word_1_140' title='bbox 1070 1791 1245 1857; x_wconf 84' lang='lat' dir='ltr'>fretu</span> <span class='ocrx_word' id='word_1_141' title='bbox 1282 1792 1490 1858; x_wconf 83' lang='lat' dir='ltr'>divisa</span> <span class='ocrx_word' id='word_1_142' title='bbox 1526 1792 1859 1857; x_wconf 75' lang='lat' dir='ltr'>servitutis</span> <span class='ocrx_word' id='word_1_143' title='bbox 1898 1814 1972 1858; x_wconf 93' lang='lat' dir='ltr'>ac</span> <span class='ocrx_word' id='word_1_144' title='bbox 2008 1793 2354 1862; x_wconf 85' lang='lat' dir='ltr'>libertatis</span> 
     </span>
     <span class='ocr_line' id='line_1_19' title="bbox 323 1880 2356 1966; baseline 0.001 -20"><span class='ocrx_word' id='word_1_145' title='bbox 323 1882 468 1947; x_wconf 89' lang='lat' dir='ltr'>iura</span> <span class='ocrx_word' id='word_1_146' title='bbox 523 1884 969 1966; x_wconf 85' lang='lat' dir='ltr'>cognosceret,</span> <span class='ocrx_word' id='word_1_147' title='bbox 1021 1880 1219 1945; x_wconf 88' lang='lat' dir='ltr'>Italia</span> <span class='ocrx_word' id='word_1_148' title='bbox 1265 1883 1483 1945; x_wconf 88' lang='lat' dir='ltr'>autem</span> <span class='ocrx_word' id='word_1_149' title='bbox 1529 1880 1863 1945; x_wconf 88' lang='lat' dir='ltr'>alumnum</span> <span class='ocrx_word' id='word_1_150' title='bbox 1909 1901 2096 1947; x_wconf 89' lang='lat' dir='ltr'>suum</span> <span class='ocrx_word' id='word_1_151' title='bbox 2143 1886 2356 1949; x_wconf 82' lang='lat' dir='ltr'>servi-</span> 
     </span>
     <span class='ocr_line' id='line_1_20' title="bbox 323 1968 2354 2054; baseline 0.002 -19"><span class='ocrx_word' id='word_1_152' title='bbox 323 1970 488 2035; x_wconf 89' lang='lat' dir='ltr'>tutis</span> <span class='ocrx_word' id='word_1_153' title='bbox 561 1973 850 2035; x_wconf 87' lang='lat' dir='ltr'>extremo</span> <span class='ocrx_word' id='word_1_154' title='bbox 916 1989 1296 2053; x_wconf 89' lang='lat' dir='ltr'>summoque</span> <span class='ocrx_word' id='word_1_155' title='bbox 1361 1968 1679 2054; x_wconf 90' lang='lat' dir='ltr'>supplicio</span> <span class='ocrx_word' id='word_1_156' title='bbox 1744 1968 2009 2035; x_wconf 83' lang='lat' dir='ltr'>affixum</span> <span class='ocrx_word' id='word_1_157' title='bbox 2071 1970 2354 2039; x_wconf 81' lang='lat' dir='ltr'>videret.</span> 
     </span>
     <span class='ocr_line' id='line_1_21' title="bbox 221 2056 2435 2149; baseline 0.002 -28"><span class='ocrx_word' id='word_1_158' title='bbox 221 2074 324 2125; x_wconf 77' lang='lat'>170</span> <span class='ocrx_word' id='word_1_159' title='bbox 359 2057 636 2123; x_wconf 86' lang='lat' dir='ltr'>Facinus</span> <span class='ocrx_word' id='word_1_160' title='bbox 665 2061 769 2122; x_wconf 91' lang='lat' dir='ltr'>est</span> <span class='ocrx_word' id='word_1_161' title='bbox 794 2057 1037 2122; x_wconf 81' lang='lat' dir='ltr'>vincire</span> <span class='ocrx_word' id='word_1_162' title='bbox 1072 2057 1279 2122; x_wconf 82' lang='lat' dir='ltr'>civem</span> <span class='ocrx_word' id='word_1_163' title='bbox 1307 2056 1696 2141; x_wconf 86' lang='lat' dir='ltr'>Romanum,</span> <span class='ocrx_word' id='word_1_164' title='bbox 1730 2058 1940 2123; x_wconf 88' lang='lat' dir='ltr'>scelus</span> <span class='ocrx_word' id='word_1_165' title='bbox 1978 2059 2354 2149; x_wconf 83' lang='lat' dir='ltr'>verberare,</span> <span class='ocrx_word' id='word_1_166' title='bbox 2381 2084 2435 2125; x_wconf 72' lang='lat' dir='ltr'>so</span> 
     </span>
     <span class='ocr_line' id='line_1_22' title="bbox 324 2145 2355 2231; baseline 0.002 -21"><span class='ocrx_word' id='word_1_167' title='bbox 324 2167 528 2230; x_wconf 90' lang='lat' dir='ltr'>prope</span> <span class='ocrx_word' id='word_1_168' title='bbox 571 2145 989 2231; x_wconf 88' lang='lat' dir='ltr'>parricidium</span> <span class='ocrx_word' id='word_1_169' title='bbox 1033 2166 1291 2228; x_wconf 80' lang='lat' dir='ltr'>necare3</span> <span class='ocrx_word' id='word_1_170' title='bbox 1342 2145 1497 2229; x_wconf 90' lang='lat' dir='ltr'>quid</span> <span class='ocrx_word' id='word_1_171' title='bbox 1543 2145 1752 2210; x_wconf 89' lang='lat' dir='ltr'>dicam</span> <span class='ocrx_word' id='word_1_172' title='bbox 1794 2146 1867 2210; x_wconf 88' lang='lat' dir='ltr'>in</span> <span class='ocrx_word' id='word_1_173' title='bbox 1911 2166 2164 2212; x_wconf 87' lang='lat' dir='ltr'>crucem</span> <span class='ocrx_word' id='word_1_174' title='bbox 2211 2151 2355 2215; x_wconf 86' lang='lat' dir='ltr'>tol-</span> 
     </span>
     <span class='ocr_line' id='line_1_23' title="bbox 324 2233 2354 2319; baseline 0.003 -21"><span class='ocrx_word' id='word_1_175' title='bbox 324 2234 502 2299; x_wconf 81' lang='lat' dir='ltr'>lere?</span> <span class='ocrx_word' id='word_1_176' title='bbox 592 2233 812 2300; x_wconf 89' lang='lat' dir='ltr'>Verbo</span> <span class='ocrx_word' id='word_1_177' title='bbox 878 2233 1039 2298; x_wconf 89' lang='lat' dir='ltr'>satis</span> <span class='ocrx_word' id='word_1_178' title='bbox 1104 2233 1303 2318; x_wconf 84' lang='lat' dir='ltr'>digno</span> <span class='ocrx_word' id='word_1_179' title='bbox 1362 2237 1500 2299; x_wconf 87' lang='lat' dir='ltr'>tam</span> <span class='ocrx_word' id='word_1_180' title='bbox 1556 2233 1809 2298; x_wconf 84' lang='lat' dir='ltr'>nefaria</span> <span class='ocrx_word' id='word_1_181' title='bbox 1861 2254 1963 2299; x_wconf 90' lang='lat' dir='ltr'>res</span> <span class='ocrx_word' id='word_1_182' title='bbox 2018 2237 2354 2319; x_wconf 86' lang='lat' dir='ltr'>appellari</span> 
     </span>
     <span class='ocr_line' id='line_1_24' title="bbox 323 2320 2351 2405; baseline 0.002 -19"><span class='ocrx_word' id='word_1_183' title='bbox 323 2321 509 2386; x_wconf 91' lang='lat' dir='ltr'>nullo</span> <span class='ocrx_word' id='word_1_184' title='bbox 564 2321 757 2386; x_wconf 92' lang='lat' dir='ltr'>modo</span> <span class='ocrx_word' id='word_1_185' title='bbox 812 2325 1051 2405; x_wconf 89' lang='lat' dir='ltr'>potest.</span> <span class='ocrx_word' id='word_1_186' title='bbox 1140 2320 1294 2386; x_wconf 90' lang='lat' dir='ltr'>Non</span> <span class='ocrx_word' id='word_1_187' title='bbox 1343 2320 1472 2385; x_wconf 83' lang='lat' dir='ltr'>fuit</span> <span class='ocrx_word' id='word_1_188' title='bbox 1524 2321 1628 2386; x_wconf 87' lang='lat' dir='ltr'>his</span> <span class='ocrx_word' id='word_1_189' title='bbox 1676 2322 1977 2387; x_wconf 84' lang='lat' dir='ltr'>omnibus</span> <span class='ocrx_word' id='word_1_190' title='bbox 2020 2322 2148 2387; x_wconf 88' lang='lat' dir='ltr'>iste</span> <span class='ocrx_word' id='word_1_191' title='bbox 2194 2347 2351 2391; x_wconf 87' lang='lat' dir='ltr'>con-</span> 
     </span>
     <span class='ocr_line' id='line_1_25' title="bbox 324 2407 2351 2497; baseline 0.003 -24"><span class='ocrx_word' id='word_1_192' title='bbox 324 2412 572 2490; x_wconf 83' lang='lat' dir='ltr'>tentus3</span> <span class='ocrx_word' id='word_1_193' title='bbox 609 2408 923 2492; x_wconf 79' lang='lat' dir='ltr'>‘spectet&#39;,</span> <span class='ocrx_word' id='word_1_194' title='bbox 966 2409 1198 2492; x_wconf 80' lang='lat' dir='ltr'>inquit,</span> <span class='ocrx_word' id='word_1_195' title='bbox 1244 2407 1580 2493; x_wconf 77' lang='lat' dir='ltr'>‘patriam3</span> <span class='ocrx_word' id='word_1_196' title='bbox 1623 2409 1695 2474; x_wconf 92' lang='lat' dir='ltr'>in</span> <span class='ocrx_word' id='word_1_197' title='bbox 1730 2413 2081 2494; x_wconf 87' lang='lat' dir='ltr'>conspectu</span> <span class='ocrx_word' id='word_1_198' title='bbox 2115 2411 2351 2497; x_wconf 83' lang='lat' dir='ltr'>legum</span> 
     </span>
     <span class='ocr_line' id='line_1_26' title="bbox 323 2495 2430 2589; baseline 0.002 -30"><span class='ocrx_word' id='word_1_199' title='bbox 323 2496 779 2580; x_wconf 88' lang='lat' dir='ltr'>libertatisque</span> <span class='ocrx_word' id='word_1_200' title='bbox 843 2495 1199 2561; x_wconf 65' lang='lat' dir='ltr'>moriatur?</span> <span class='ocrx_word' id='word_1_201' title='bbox 1298 2495 1451 2562; x_wconf 91' lang='lat' dir='ltr'>Non</span> <span class='ocrx_word' id='word_1_202' title='bbox 1513 2501 1587 2563; x_wconf 89' lang='lat' dir='ltr'>tu</span> <span class='ocrx_word' id='word_1_203' title='bbox 1648 2497 1772 2563; x_wconf 90' lang='lat' dir='ltr'>hoc</span> <span class='ocrx_word' id='word_1_204' title='bbox 1835 2498 1982 2563; x_wconf 88' lang='lat' dir='ltr'>loco</span> <span class='ocrx_word' id='word_1_205' title='bbox 2040 2497 2349 2589; x_wconf 83' lang='lat' dir='ltr'>Gavium,</span> <span class='ocrx_word' id='word_1_206' title='bbox 2376 2522 2430 2564; x_wconf 62' lang='lat' dir='ltr'>a</span> 
     </span>
     <span class='ocr_line' id='line_1_27' title="bbox 322 2583 2350 2676; baseline 0.003 -28"><span class='ocrx_word' id='word_1_207' title='bbox 322 2605 457 2649; x_wconf 89' lang='lat' dir='ltr'>non</span> <span class='ocrx_word' id='word_1_208' title='bbox 509 2604 710 2648; x_wconf 91' lang='lat' dir='ltr'>unum</span> <span class='ocrx_word' id='word_1_209' title='bbox 761 2583 1092 2648; x_wconf 82' lang='lat' dir='ltr'>hominem</span> <span class='ocrx_word' id='word_1_210' title='bbox 1139 2586 1359 2650; x_wconf 91' lang='lat' dir='ltr'>nescio</span> <span class='ocrx_word' id='word_1_211' title='bbox 1407 2606 1597 2670; x_wconf 89' lang='lat' dir='ltr'>quem</span> <span class='ocrx_word' id='word_1_212' title='bbox 1645 2586 1877 2665; x_wconf 86' lang='lat' dir='ltr'>[civem</span> <span class='ocrx_word' id='word_1_213' title='bbox 1923 2585 2350 2676; x_wconf 82' lang='lat' dir='ltr'>RomanumJ,</span> 
     </span>
     <span class='ocr_line' id='line_1_28' title="bbox 327 2671 2347 2744; baseline 0.003 -6"><span class='ocrx_word' id='word_1_214' title='bbox 327 2671 440 2738; x_wconf 89' lang='lat' dir='ltr'>sed</span> <span class='ocrx_word' id='word_1_215' title='bbox 476 2692 882 2738; x_wconf 89' lang='lat' dir='ltr'>communem</span> <span class='ocrx_word' id='word_1_216' title='bbox 917 2671 1243 2737; x_wconf 86' lang='lat' dir='ltr'>libertatis</span> <span class='ocrx_word' id='word_1_217' title='bbox 1287 2677 1354 2737; x_wconf 91' lang='lat' dir='ltr'>et</span> <span class='ocrx_word' id='word_1_218' title='bbox 1399 2673 1682 2738; x_wconf 83' lang='lat' dir='ltr'>civitatis</span> <span class='ocrx_word' id='word_1_219' title='bbox 1729 2695 1991 2740; x_wconf 90' lang='lat' dir='ltr'>causam</span> <span class='ocrx_word' id='word_1_220' title='bbox 2034 2675 2104 2741; x_wconf 93' lang='lat' dir='ltr'>in</span> <span class='ocrx_word' id='word_1_221' title='bbox 2151 2676 2347 2744; x_wconf 90' lang='lat' dir='ltr'>illum</span> 
     </span>
     <span class='ocr_line' id='line_1_29' title="bbox 326 2760 2349 2845; baseline 0.002 -18"><span class='ocrx_word' id='word_1_222' title='bbox 326 2760 684 2827; x_wconf 89' lang='lat' dir='ltr'>cruciatum</span> <span class='ocrx_word' id='word_1_223' title='bbox 730 2764 797 2826; x_wconf 86' lang='lat' dir='ltr'>et</span> <span class='ocrx_word' id='word_1_224' title='bbox 832 2782 1087 2826; x_wconf 90' lang='lat' dir='ltr'>crucem</span> <span class='ocrx_word' id='word_1_225' title='bbox 1123 2760 1338 2845; x_wconf 82' lang='lat' dir='ltr'>egisti.</span> <span class='ocrx_word' id='word_1_226' title='bbox 1418 2760 1558 2827; x_wconf 90' lang='lat' dir='ltr'>Iam</span> <span class='ocrx_word' id='word_1_227' title='bbox 1594 2782 1748 2826; x_wconf 83' lang='lat' dir='ltr'>vero</span> <span class='ocrx_word' id='word_1_228' title='bbox 1794 2762 2007 2827; x_wconf 86' lang='lat' dir='ltr'>videte</span> <span class='ocrx_word' id='word_1_229' title='bbox 2052 2763 2349 2832; x_wconf 89' lang='lat' dir='ltr'>hominis</span> 
     </span>
     <span class='ocr_line' id='line_1_30' title="bbox 193 2846 2349 2941; baseline 0.002 -27"><span class='ocrx_word' id='word_1_230' title='bbox 193 2897 198 2902; x_wconf 82' lang='lat'>-</span> <span class='ocrx_word' id='word_1_231' title='bbox 328 2849 690 2914; x_wconf 80' lang='lat' dir='ltr'>audaciam!</span> <span class='ocrx_word' id='word_1_232' title='bbox 780 2846 1015 2914; x_wconf 89' lang='lat' dir='ltr'>Nonne</span> <span class='ocrx_word' id='word_1_233' title='bbox 1078 2870 1225 2914; x_wconf 89' lang='lat' dir='ltr'>eum</span> <span class='ocrx_word' id='word_1_234' title='bbox 1281 2849 1571 2934; x_wconf 83' lang='lat' dir='ltr'>graviter</span> <span class='ocrx_word' id='word_1_235' title='bbox 1623 2849 1854 2914; x_wconf 82' lang='lat' dir='ltr'>tulisse</span> <span class='ocrx_word' id='word_1_236' title='bbox 1909 2850 2349 2941; x_wconf 85' lang='lat' dir='ltr'>arbitramini,</span> 
     </span>
     <span class='ocr_line' id='line_1_31' title="bbox 328 2936 2426 3023; baseline 0.001 -21"><span class='ocrx_word' id='word_1_237' title='bbox 328 2937 502 3021; x_wconf 90' lang='lat' dir='ltr'>quod</span> <span class='ocrx_word' id='word_1_238' title='bbox 562 2936 750 3001; x_wconf 92' lang='lat' dir='ltr'>illam</span> <span class='ocrx_word' id='word_1_239' title='bbox 814 2937 1062 3002; x_wconf 85' lang='lat' dir='ltr'>civibus</span> <span class='ocrx_word' id='word_1_240' title='bbox 1116 2936 1430 3002; x_wconf 88' lang='lat' dir='ltr'>Romanis</span> <span class='ocrx_word' id='word_1_241' title='bbox 1495 2958 1746 3003; x_wconf 88' lang='lat' dir='ltr'>crucem</span> <span class='ocrx_word' id='word_1_242' title='bbox 1806 2958 1937 3002; x_wconf 88' lang='lat' dir='ltr'>non</span> <span class='ocrx_word' id='word_1_243' title='bbox 1991 2945 2219 3023; x_wconf 89' lang='lat' dir='ltr'>posset</span> <span class='ocrx_word' id='word_1_244' title='bbox 2275 2944 2349 3008; x_wconf 91' lang='lat' dir='ltr'>in</span> <span class='ocrx_word' id='word_1_245' title='bbox 2373 2963 2426 3004; x_wconf 73' lang='lat' dir='ltr'>so</span> 
     </span>
     <span class='ocr_line' id='line_1_32' title="bbox 324 3024 2349 3112; baseline 0.004 -23"><span class='ocrx_word' id='word_1_246' title='bbox 324 3024 500 3110; x_wconf 88' lang='lat' dir='ltr'>foro,</span> <span class='ocrx_word' id='word_1_247' title='bbox 553 3046 687 3089; x_wconf 90' lang='lat' dir='ltr'>non</span> <span class='ocrx_word' id='word_1_248' title='bbox 729 3025 800 3089; x_wconf 92' lang='lat' dir='ltr'>in</span> <span class='ocrx_word' id='word_1_249' title='bbox 844 3024 1138 3109; x_wconf 82' lang='lat' dir='ltr'>comitio,</span> <span class='ocrx_word' id='word_1_250' title='bbox 1190 3045 1325 3090; x_wconf 90' lang='lat' dir='ltr'>non</span> <span class='ocrx_word' id='word_1_251' title='bbox 1367 3025 1438 3088; x_wconf 93' lang='lat' dir='ltr'>in</span> <span class='ocrx_word' id='word_1_252' title='bbox 1481 3025 1714 3090; x_wconf 88' lang='lat' dir='ltr'>rostris</span> <span class='ocrx_word' id='word_1_253' title='bbox 1760 3025 2082 3112; x_wconf 81' lang='lat' dir='ltr'>defigere?</span> <span class='ocrx_word' id='word_1_254' title='bbox 2155 3027 2349 3104; x_wconf 81' lang='lat' dir='ltr'>Quod</span> 
     </span>
     <span class='ocr_line' id='line_1_33' title="bbox 328 3112 2346 3207; baseline 0.002 -29"><span class='ocrx_word' id='word_1_255' title='bbox 328 3113 503 3178; x_wconf 90' lang='lat' dir='ltr'>enim</span> <span class='ocrx_word' id='word_1_256' title='bbox 528 3112 635 3177; x_wconf 90' lang='lat' dir='ltr'>his</span> <span class='ocrx_word' id='word_1_257' title='bbox 671 3112 832 3178; x_wconf 86' lang='lat' dir='ltr'>locis</span> <span class='ocrx_word' id='word_1_258' title='bbox 868 3113 940 3177; x_wconf 91' lang='lat' dir='ltr'>in</span> <span class='ocrx_word' id='word_1_259' title='bbox 973 3112 1311 3197; x_wconf 81' lang='lat' dir='ltr'>provincia</span> <span class='ocrx_word' id='word_1_260' title='bbox 1346 3133 1465 3178; x_wconf 90' lang='lat' dir='ltr'>sua</span> <span class='ocrx_word' id='word_1_261' title='bbox 1500 3113 1879 3178; x_wconf 78' lang='lat' dir='ltr'>celebritate</span> <span class='ocrx_word' id='word_1_262' title='bbox 1917 3115 2346 3207; x_wconf 86' lang='lat' dir='ltr'>simillimum,</span> 
     </span>
     <span class='ocr_line' id='line_1_34' title="bbox 326 3197 2348 3287; baseline 0.003 -21"><span class='ocrx_word' id='word_1_263' title='bbox 326 3202 593 3287; x_wconf 83' lang='lat' dir='ltr'>regione</span> <span class='ocrx_word' id='word_1_264' title='bbox 652 3200 1019 3285; x_wconf 86' lang='lat' dir='ltr'>proximum</span> <span class='ocrx_word' id='word_1_265' title='bbox 1073 3201 1291 3285; x_wconf 90' lang='lat' dir='ltr'>potuit</span> <span class='ocrx_word' id='word_1_266' title='bbox 1297 3251 1316 3284; x_wconf 89' lang='lat'>,</span> <span class='ocrx_word' id='word_1_267' title='bbox 1379 3197 1606 3287; x_wconf 80' lang='lat' dir='ltr'>elegit3</span> <span class='ocrx_word' id='word_1_268' title='bbox 1668 3208 2160 3269; x_wconf 90' lang='lat' dir='ltr'>monumentum</span> <span class='ocrx_word' id='word_1_269' title='bbox 2216 3226 2348 3273; x_wconf 88' lang='lat' dir='ltr'>sce·</span> 
     </span>
     <span class='ocr_line' id='line_1_35' title="bbox 326 3288 2347 3380; baseline 0.002 -26"><span class='ocrx_word' id='word_1_270' title='bbox 326 3289 482 3354; x_wconf 91' lang='lat' dir='ltr'>leris</span> <span class='ocrx_word' id='word_1_271' title='bbox 520 3289 952 3373; x_wconf 88' lang='lat' dir='ltr'>audaciaeque</span> <span class='ocrx_word' id='word_1_272' title='bbox 989 3309 1142 3354; x_wconf 88' lang='lat' dir='ltr'>suae</span> <span class='ocrx_word' id='word_1_273' title='bbox 1178 3288 1390 3354; x_wconf 85' lang='lat' dir='ltr'>voluit</span> <span class='ocrx_word' id='word_1_274' title='bbox 1425 3310 1567 3354; x_wconf 89' lang='lat' dir='ltr'>esse</span> <span class='ocrx_word' id='word_1_275' title='bbox 1601 3290 1673 3354; x_wconf 92' lang='lat' dir='ltr'>in</span> <span class='ocrx_word' id='word_1_276' title='bbox 1708 3296 2055 3376; x_wconf 81' lang='lat' dir='ltr'>conspectu</span> <span class='ocrx_word' id='word_1_277' title='bbox 2090 3291 2347 3380; x_wconf 77' lang='lat' dir='ltr'>Italiae,</span> 
     </span>
     <span class='ocr_line' id='line_1_36' title="bbox 326 3373 2425 3464; baseline 0.001 -24"><span class='ocrx_word' id='word_1_278' title='bbox 326 3377 654 3442; x_wconf 81' lang='lat' dir='ltr'>vestibulo</span> <span class='ocrx_word' id='word_1_279' title='bbox 702 3373 986 3460; x_wconf 84' lang='lat' dir='ltr'>Siciliae,</span> <span class='ocrx_word' id='word_1_280' title='bbox 1040 3378 1593 3461; x_wconf 85' lang='lat' dir='ltr'>praetervectione</span> <span class='ocrx_word' id='word_1_281' title='bbox 1639 3378 1955 3464; x_wconf 87' lang='lat' dir='ltr'>omnium,</span> <span class='ocrx_word' id='word_1_282' title='bbox 2010 3379 2122 3464; x_wconf 90' lang='lat' dir='ltr'>qui</span> <span class='ocrx_word' id='word_1_283' title='bbox 2164 3382 2346 3450; x_wconf 87' lang='lat' dir='ltr'>ultro</span> <span class='ocrx_word' id='word_1_284' title='bbox 2370 3400 2425 3443; x_wconf 71' lang='lat' dir='ltr'>ss</span> 
     </span>
     <span class='ocr_line' id='line_1_37' title="bbox 222 3463 1069 3579; baseline 0.004 -54"><span class='ocrx_word' id='word_1_285' title='bbox 222 3519 304 3579; x_wconf 71' lang='lat'>67</span> <span class='ocrx_word' id='word_1_286' title='bbox 328 3463 620 3545; x_wconf 90' lang='lat' dir='ltr'>citroque</span> <span class='ocrx_word' id='word_1_287' title='bbox 663 3464 1069 3549; x_wconf 86' lang='lat' dir='ltr'>navigarent.</span> 
     </span>
    </p>
   </div>
   <div class='ocr_carea' id='block_1_3' title="bbox 222 3545 2347 3642">
    <p class='ocr_par' dir='ltr' id='par_1_3' title="bbox 222 3545 2347 3642">
     <span class='ocr_line' id='line_1_38' title="bbox 222 3545 2347 3642; baseline 0.009 -36"><span class='ocrx_word' id='word_1_288' title='bbox 222 3590 325 3639; x_wconf 79' lang='lat'>171</span> <span class='ocrx_word' id='word_1_289' title='bbox 462 3545 532 3609; x_wconf 84' lang='lat' dir='ltr'>Si</span> <span class='ocrx_word' id='word_1_290' title='bbox 593 3549 753 3613; x_wconf 88' lang='lat' dir='ltr'>haec</span> <span class='ocrx_word' id='word_1_291' title='bbox 805 3571 938 3615; x_wconf 89' lang='lat' dir='ltr'>non</span> <span class='ocrx_word' id='word_1_292' title='bbox 994 3552 1077 3615; x_wconf 88' lang='lat' dir='ltr'>ad</span> <span class='ocrx_word' id='word_1_293' title='bbox 1131 3552 1303 3620; x_wconf 82' lang='lat' dir='ltr'>cives</span> <span class='ocrx_word' id='word_1_294' title='bbox 1350 3552 1709 3638; x_wconf 88' lang='lat' dir='ltr'>Romanos,</span> <span class='ocrx_word' id='word_1_295' title='bbox 1771 3574 1905 3620; x_wconf 90' lang='lat' dir='ltr'>non</span> <span class='ocrx_word' id='word_1_296' title='bbox 1959 3554 2041 3620; x_wconf 90' lang='lat' dir='ltr'>ad</span> <span class='ocrx_word' id='word_1_297' title='bbox 2089 3556 2347 3642; x_wconf 84' lang='lat' dir='ltr'>aliquos</span> 
     </span>
    </p>
   </div>
  </div>
 </body>
</html>
