2566 4016
689 210 822 264 LIB.
862 211 941 265 111
1005 202 1160 266 CAP.
1199 217 1408 265 94—-97
1448 217 1478 276 ς
1515 216 1813 266 220—225.
2122 211 2249 275 361

236 356 510 438 vincias,
569 353 638 441 id
693 348 901 419 socios
956 355 1382 438 nationesque
1437 358 1688 420 exteras
1744 354 2141 438 existimare,
2198 358 2253 420 si

241 447 575 509 senatores
636 441 946 526 iudicent,
1008 442 1133 508 hoc
1197 447 1369 507 certe
1431 464 1633 508 unum
1698 462 1901 528 genus
1959 443 2252 508 infinitae

237 532 547 617 pecuniae
591 551 709 615 per
755 552 1076 597 summam
1119 531 1423 595 iniuriam
1470 531 1794 616 cogendae
1838 531 2016 595 nullo
2063 533 2254 597 modo

238 638 431 705 posse
489 617 916 703 reprehendi?
1012 617 1195 694 Quod
1256 619 1313 683 si
1365 620 1461 683 ita
1516 624 1643 703 est,
1703 619 1857 703 quid
1910 640 2257 704 possumus

183 727 210 768 5
238 713 468 774 contra
519 708 708 771 illum
762 710 1132 791 praetorem
1186 706 1420 791 dicere,
1485 708 1597 791 qui
1650 707 1885 773 cotidie
1939 708 2257 809 temp-lum

235 800 444 880 tenet,
500 795 611 880 qui
655 815 793 859 rem
837 794 1167 880 publicam
1214 796 1443 859 sistere
1487 799 1688 880 negat
1731 817 1949 881 posse,
2001 795 2129 860 nisi
2177 796 2259 861 ad

238 889 605 969 equestrem
669 883 959 948 ordinem
1021 883 1256 948 iudicia
1315 883 1721 949 referantur?
1812 882 2056 959 Quodsi
2107 884 2221 948 ille
2258 895 2363 943 224

236 974 361 1039 hoc
387 994 590 1037 unum
620 971 870 1056 agitare
898 972 1199 1057 coeperit,
1237 993 1378 1036 esse
1406 972 1669 1057 aliquod
1699 992 1901 1057 genus
1931 972 2256 1057 cogendae

235 1061 546 1145 pecuniae
575 1060 973 1124 senatorium
1002 1082 1338 1126 commune
1372 1066 1439 1126 et
1473 1061 1628 1124 iam
1618 1081 1845 1168 prope
1883 1081 2256 1145 concessum

156 1169 211 1210 ιο
234 1149 478 1231 ordini,
553 1169 685 1249 quo
754 1168 988 1233 genere
1057 1142 1139 1212 ab
1206 1148 1398 1213 sociis
1461 1148 1746 1214 maxima
1807 1149 2080 1233 pecunia
2142 1171 2258 1233 per

239 1258 559 1302 summam
596 1236 899 1300 iniuriam
938 1235 1291 1320 auferatur,
1325 1257 1532 1324 neque
1568 1237 1635 1299 id
1671 1236 1809 1301 ullo
1849 1236 2039 1300 modo
2080 1256 2258 1300 sena-

237 1325 428 1388 toriis
482 1324 733 1388 iudiciis
787 1322 1170 1408 reprehendi
1220 1346 1439 1408 posse,
1490 1321 1713 1408 idque,
1748 1323 1919 1388 dum
1967 1328 2261 1408 equester

243 1413 400 1477 ordo
445 1412 774 1496 iudicarit,
825 1434 1180 1496 numquam
1226 1434 1365 1477 esse
1412 1412 1854 1495 commissum,
1902 1412 2044 1496 quis
2093 1413 2260 1476 obsi-

240 1501 415 1589 stet?
461 1501 605 1584 quis
644 1501 769 1565 erit
801 1505 941 1565 tam
981 1500 1246 1585 cupidus
1283 1501 1503 1583 vestri,
1548 1504 1687 1564 tam
1731 1499 1950 1564 fautor
1996 1500 2259 1584 ordiniS,

156 1609 211 1649 15
238 1584 352 1672 qui
400 1589 478 1653 de
522 1588 997 1654 transferundis
1043 1589 1296 1654 iudiciis
1342 1589 1556 1673 possit
1598 1589 1939 1653 recusare?

372 1676 592 1778 Atque
655 1678 906 1742 utinam
970 1672 1192 1762 posset
1257 1677 1479 1760 aliqua
1532 1676 1785 1741 ratione
1838 1676 1963 1741 hoc
2017 1677 2260 1741 crimen
2279 1683 2362 1747 97

241 1766 537 1848 quamvis
572 1765 761 1848 falsa,
806 1765 998 1829 modo
1035 1765 1322 1830 humana
1364 1769 1559 1850 atque
1604 1765 1851 1829 usitata
1897 1764 2260 1848 defendere3

241 1852 491 1915 minore
537 1853 824 1936 periculo
869 1857 1108 1936 vestro,
1154 1854 1402 1917 minore
1448 1852 1737 1937 periculo
1783 1852 2260 1936 provinciarum

243 1939 532 2003 omnium
555 1939 944 2003 iudicaretis
999 1938 1289 2027 Negaret
1310 1941 1435 2005 hac
1464 1940 1918 2005 aestimatione
1949 1961 2016 2004 se
2054 1962 2261 2025 usum,

158 2048 214 2089 20
242 2050 361 2094 vos
389 2027 456 2091 id
485 2026 945 2110 credidissetis3
981 2027 1231 2092 homini
1268 2029 1631 2113 credidisse,
1666 2050 1798 2095 non
1832 2028 2078 2093 factum
2117 2051 2262 2094 con-

240 2118 554 2201 probasse
625 2077 1023 2181 videremini.
1139 2114 1343 2181 Nullo
1426 2116 1617 2204 modo
1696 2138 1938 2203 negare
2018 2121 2263 2202 potest3

241 2209 512 2289 urgetur
549 2227 588 2268 a
624 2208 768 2269 tota
805 2201 1052 2287 Sicilia3
1096 2224 1289 2269 nemo
1329 2207 1428 2268 est
1463 2199 1539 2268 ex
1575 2208 1761 2272 tanto
1808 2227 2076 2286 numero
2124 2228 2261 2270 ara-

156 2333 159 2334 r
240 2296 486 2376 torum,
543 2315 584 2357 a
630 2314 755 2377 quo
810 2292 1084 2377 pecunia
1138 2289 1340 2357 cellae
1393 2292 1653 2357 nomine
1707 2316 1868 2361 ιιοιι
1885 2294 1973 2359 sit
2019 2299 2260 2368 exacta

240 2380 499 2446 Vellem
553 2382 753 2446 etiam
803 2381 930 2446 hoc
982 2385 1205 2465 posset
1256 2380 1490 2463 dicere,
1549 2381 1714 2446 nihil
1770 2383 1850 2448 ad
1905 2405 1974 2447 se
2028 2384 2224 2449 istam
2262 2404 2365 2453 225

156 2486 213 2529 25
241 2470 560 2536 rationem
606 2470 955 2555 pertinere,
1000 2492 1116 2554 per
1162 2474 1537 2553 quaestores
1582 2492 1721 2534 rem
1767 2471 2259 2537 frumentariam

241 2580 381 2623 esse
446 2559 984 2624 administratam.
1082 2555 1185 2622 Ne
1246 2558 1314 2621 id
1380 2558 1637 2641 quidem
1703 2558 1762 2621 ei
1823 2559 1976 2625 licet
2036 2560 2264 2645 dicere,

240 2652 586 2731 propterea
640 2648 813 2731 quod
864 2646 1070 2731 ipsius
1126 2646 1383 2711 litterae
1431 2646 1788 2710 recitantur
1834 2648 1917 2711 ad
1962 2648 2260 2712 civitates

242 2734 320 2796 de
374 2734 577 2798 ternis
633 2734 913 2799 denariis
970 2734 1223 2799 missae.
1305 2733 1485 2809 Quae
1533 2737 1632 2797 est
1676 2733 1884 2820 igitur
1929 2733 2260 2799 defensio?

244 2818 442 2903 ‘Feci,
490 2821 662 2903 quod
707 2822 954 2905 arguis3
1000 2822 1141 2905 cepi
1186 2822 1493 2906 pecunias
1540 2821 1856 2885 maximas
1905 2821 2105 2886 cellae
2149 2844 2261 2887 no-

154 2926 216 2969 so
243 2907 435 2990 mine,
472 2906 583 2971 sed
619 2907 744 2973 hoc
780 2907 941 2971 mihi
976 2909 1177 2990 licuit,
1213 2909 1421 3008 vobis,
1466 2909 1522 2972 si
1559 2908 1951 2993 prospicitiS,
1997 2909 2237 2974 licebit.
2239 2910 2259 2938 '

240 2995 684 3061 Periculosum
708 2995 1055 3079 provinciis
1081 3016 1283 3080 genus
1312 2995 1584 3061 iniuriae
1613 2996 1980 3061 confirmari
2005 2997 2260 3083 iudicio,

239 3084 675 3169 perniciosum
727 3086 947 3147 vestro
995 3083 1206 3148 ordini
1249 3084 1566 3185 populum
1610 3084 1977 3149 Romanum
2025 3085 2260 3150 existu-

241 3194 421 3237 mare
454 3194 586 3237 non
630 3193 822 3257 posse
861 3191 971 3235 eos
1008 3170 1324 3254 homineS,
1371 3172 1481 3255 qui
1526 3172 1652 3256 ipsi
1698 3172 1954 3258 legibus
2001 3177 2259 3238 tenean-

240 3265 366 3343 tur,
411 3261 591 3347 leges
627 3261 698 3324 in
732 3259 1070 3326 iudicando
1107 3259 1413 3345 religiose
1450 3260 1803 3325 defendere.
1875 3261 2093 3346 Atque
2129 3262 2259 3327 isto

158 3363 214 3408 ³5
242 3353 569 3434 praetore,
650 3347 916 3433 iudices,
998 3370 1130 3413 non
1206 3349 1420 3413 solum
1494 3349 1879 3414 aestimandi
1948 3351 2260 3416 frumenti

243 3436 473 3502 modus
534 3458 668 3503 non
728 3436 882 3523 fuit,
954 3438 1067 3502 sed
1128 3458 1210 3502 ne
1271 3438 1633 3528 imperandi
1698 3438 1981 3525 quidem3
2050 3461 2257 3524 neque

245 3525 415 3589 enim
477 3525 570 3609 id,
634 3526 806 3610 quod
866 3526 1247 3611 debebatur,
1313 3523 1422 3595 sed
1484 3530 1797 3612 quantum
1852 3529 2259 3596 commodum
