2566 4016
995 204 1147 262 CAP.
1185 212 1233 272 1,
1269 211 1302 260 2
1340 211 1371 272 g
1419 212 1573 261 1-25,
2168 210 2290 275 101

277 369 381 412 me
441 348 708 434 publice:
763 369 960 433 saepe
1018 353 1361 431 venerunt,
1425 354 1499 416 ut
1562 372 1823 418 suarum
1882 352 2293 425 fortunarum

276 436 566 506 omnium
601 458 866 504 causam
904 437 1465 522 defensionemque
1503 439 1922 523 susciperem;
1959 464 2063 507 me
2100 464 2293 528 saepe

274 546 416 589 esse
478 525 874 610 pollicitum,
937 546 1128 610 saepe
1192 526 1553 592 ostendisse
1617 527 1942 610 dicebant,
2006 530 2063 594 si
2118 532 2292 614 quod

272 618 534 698 tempus
590 613 955 697 accidisset,
1010 635 1139 697 quo
1194 617 1487 699 tempore
1543 615 1790 699 aliquid
1844 638 1882 680 a
1934 638 2035 682 me
2082 619 2290 702 requi·

214 718 241 759 ⁵
268 705 510 785 rerent,
556 701 912 768 commodis
960 723 1182 767 eorum
1229 724 1333 768 me
1376 725 1509 768 non
1554 703 1941 772 defuturum.
2015 703 2289 772 Venisse
2328 721 2360 769 3

271 796 537 874 tempus
602 790 893 873 aiebant,
954 811 1088 855 non
1138 790 1270 855 iam
1327 795 1401 856 ut
1454 792 1794 864 commoda
1847 815 1989 875 sua,
2053 793 2166 860 sed
2221 798 2294 858 ut

265 880 479 944 vitam
535 879 940 962 salutemque
995 878 1197 944 totius
1243 879 1615 963 provinciae
1663 880 2096 967 defenderem3
2150 903 2291 948 sese

264 968 405 1033 iam
462 988 545 1031 ne
600 966 753 1031 deos
810 966 1070 1049 quidem
1122 966 1189 1030 in
1246 967 1382 1032 suis
1435 967 1732 1051 urbibuS‚
1793 970 1873 1034 ad
1930 992 2091 1053 quos
2147 993 2294 1036 con·

266 1056 610 1141 fugerent,
662 1053 930 1135 habere,
986 1055 1155 1139 quod
1212 1076 1434 1119 eorum
1491 1055 1836 1122 simulacra
1883 1059 2293 1124 sanctissima

185 1160 236 1199 10
266 1143 342 1210 C.
371 1141 614 1208 Verres
653 1163 730 1207 ex
769 1141 1055 1207 delubris
1098 1142 1607 1227 religiosissimis
1656 1143 2047 1210 sustulisset.
2120 1143 2292 1220 Quas

261 1253 376 1297 res
424 1231 710 1298 luxuries
756 1230 828 1295 in
870 1229 1170 1315 flagitiis,
1220 1230 1570 1295 crudelitas
1617 1231 1686 1294 in
1732 1231 2096 1315 suppliciis,
2142 1253 2291 1300 ava·

263 1319 431 1385 ritia
484 1319 554 1383 in
606 1318 881 1403 rapinis,
936 1317 1240 1400 superbia
1296 1317 1364 1384 in
1417 1318 1827 1386 contumeliis
1885 1317 2137 1385 efficere
2181 1340 2292 1404 po·

262 1408 530 1489 tuisset,
567 1428 677 1473 eas
707 1428 931 1471 omnes
962 1427 1100 1472 sese
1127 1404 1251 1471 hoc
1286 1427 1415 1474 uno
1452 1410 1752 1491 praetore
1788 1428 1903 1492 per
1940 1407 2294 1478 triennium

263 1495 651 1581 pertulisse,
706 1516 940 1579 rogare
995 1498 1061 1558 et
1116 1515 1329 1576 orare,
1382 1516 1463 1560 ne
1508 1491 1662 1564 illos
1709 1496 2035 1581 supplices
2078 1518 2292 1581 asper·

185 1602 235 1643 15
262 1605 487 1666 narer,
516 1604 678 1666 quos
703 1605 806 1647 me
828 1582 1138 1648 incolumi
1159 1582 1401 1652 nemini
1427 1583 1749 1668 supplices
1775 1606 1917 1649 esse
1944 1589 2292 1673 oporteret.
2331 1636 2373 1698 2

407 1671 557 1735 Tuli
597 1671 887 1755 graviter
924 1674 991 1740 et
1037 1671 1283 1753 acerbe,
1329 1670 1590 1756 iudiceS,
1634 1672 1700 1737 in
1740 1694 1885 1738 eum
1928 1694 2031 1738 me
2076 1673 2291 1742 locum
2329 1713 2363 1760 4

251 1760 535 1843 adduci,
589 1764 666 1826 ut
718 1762 832 1828 aut
886 1780 997 1824 eos
1052 1759 1350 1826 homines
1404 1781 1552 1844 spes
1601 1759 1889 1841 falleret,
1946 1760 2057 1844 qui
2103 1782 2292 1844 opem

268 1874 313 1914 a
371 1870 473 1913 me
529 1851 724 1930 atque
781 1847 1091 1913 auxilium
1137 1847 1482 1931 petissent,
1539 1851 1653 1912 aut
1699 1868 1849 1931 ego,
1905 1848 2015 1930 qui
2060 1869 2164 1910 me
2211 1848 2291 1918 ad

270 1935 710 2012 defendendos
737 1936 1034 2004 homines
1064 1934 1146 2000 ab
1179 1935 1443 2000 ineunte
1480 1934 1920 2002 adulescentia
1956 1933 2292 2016 dedissem,

182 2044 236 2084 20
266 2033 569 2110 tempore
595 2029 791 2108 atque
816 2024 1029 2091 officio
1056 2025 1318 2089 coactus
1343 2022 1426 2086 ad
1450 2021 1878 2091 accusandum
1905 2022 2292 2090 traducerer.

263 2113 590 2181 Dicebam
637 2113 877 2181 habere
923 2133 1032 2177 eos
1081 2114 1368 2179 actorem
1413 2108 1487 2186 Q.
1525 2107 1902 2190 Caecilium,
1951 2111 2062 2193 qui
2106 2132 2292 2194 prae-

266 2201 506 2268 sertim
543 2205 850 2285 quaestor
887 2201 957 2265 in
1003 2197 1224 2267 Sicilia
1267 2197 1605 2283 provincia
1648 2197 1896 2268 fuisset.
1980 2197 2121 2273 Quo
2168 2220 2290 2285 ego

268 2290 649 2358 adiumento
700 2288 1044 2372 sperabam
1090 2287 1256 2355 hanc
1304 2310 1345 2351 a
1388 2307 1491 2351 me
1536 2308 1728 2371 posse
1774 2287 2142 2355 molestiam
2189 2288 2290 2353 de·

268 2377 551 2459 moveri,
596 2377 664 2441 id
710 2377 872 2442 mihi
917 2381 1061 2442 erat
1105 2375 1548 2441 adversarium
1595 2374 1889 2447 maxime.
1972 2375 2145 2442 Nam
2190 2377 2291 2443 illi

185 2483 239 2525 85
270 2466 488 2533 multo
550 2465 713 2531 mihi
775 2464 901 2530 hoc
960 2463 1217 2529 facilius
1282 2463 1713 2546 remisissent,
1777 2465 1834 2531 si
1896 2465 2098 2535 istum
2160 2487 2295 2532 non

268 2556 573 2637 nossent,
635 2557 749 2618 aut
804 2553 861 2619 si
914 2553 1039 2616 iste
1096 2551 1265 2637 apud
1322 2573 1432 2617 eos
1498 2556 1805 2636 quaestor
1857 2574 1989 2621 non
2042 2553 2291 2625 fuisset.

271 2641 615 2711 Adductus
653 2662 817 2724 sum,
851 2640 1113 2722 iudices,
1157 2639 1390 2720 officio,
1434 2639 1580 2723 fide,
1626 2640 2084 2721 misericordia,
2130 2642 2291 2705 mul·
2330 2653 2364 2701 5

273 2735 496 2794 torum
536 2730 858 2795 bonorum
904 2727 1219 2812 exemplo,
1264 2731 1484 2793 vetere
1530 2727 1991 2797 consuetudine
2036 2728 2294 2793 institu-

275 2822 477 2900 toque
530 2818 881 2899 maiorum,
944 2819 1019 2882 ut
1073 2836 1238 2883 onus
1292 2815 1485 2879 huius
1541 2815 1788 2881 laboris
1847 2819 2041 2898 atque
2098 2814 2297 2879 officii

187 2923 245 2964 80
272 2927 410 2971 non
464 2927 539 2969 ex
595 2927 767 2988 me0,
824 2903 936 2969 sed
986 2926 1064 2968 ex
1110 2925 1401 2969 meorum
1446 2903 1958 2973 necessariorum
2003 2906 2297 2986 tempore

272 2993 439 3059 mihi
486 2992 963 3078 suscipiendum
1010 2996 1325 3076 putarem.

411 3081 553 3157 Quo
597 3081 670 3145 in
712 3081 979 3166 negotio
1024 3085 1245 3149 tamen
1292 3080 1410 3144 illa
1456 3100 1558 3147 me
1604 3100 1728 3163 res,
1772 3079 2032 3159 iudices,
2077 3098 2300 3149 conso-

271 3171 478 3253 latur,
543 3169 718 3252 quod
769 3169 957 3251 haec,
1022 3189 1186 3251 quae
1240 3168 1496 3235 videtur
1550 3188 1691 3231 esse
1748 3165 2072 3233 accusatio
2137 3187 2300 3249 mea,

270 3280 408 3324 non
460 3257 683 3342 potius
729 3257 1056 3325 accusatio
1102 3278 1301 3340 quam
1356 3255 1644 3321 defensio
1701 3259 1802 3319 est
1857 3253 2302 3319 existimanda.

190 3363 244 3405 8⁵
272 3345 569 3412 Defendo
617 3345 789 3411 enim
836 3344 1077 3411 multos
1125 3344 1458 3425 mortales,
1502 3342 1744 3407 multas
1792 3341 2109 3427 civitateS,
2156 3365 2306 3428 pro-

275 3435 562 3501 vinciam
625 3431 915 3503 Siciliam
968 3436 1198 3498 totam.
1289 3430 1498 3506 Quam
1555 3431 1638 3495 ob
1697 3451 1861 3515 rem,
1925 3431 2078 3515 quia
2143 3432 2306 3496 mihi

276 3543 447 3589 unus
475 3525 576 3588 est
614 3520 1029 3605 accusandus,
1064 3541 1266 3606 prope
1303 3519 1566 3586 modum
1602 3540 1863 3585 manere
1897 3520 1966 3584 in
2000 3520 2306 3587 instituto
