2566 4016
900 200 1050 255 GAP.
1087 207 1295 274 16-1s
1332 207 1364 268 ς,
1399 206 1627 257 46-53.
2187 200 2272 265 97

256 346 456 429 scit03
498 367 634 411 non
667 344 795 410 fuit
832 366 1051 429 causa,
1097 367 1211 410 cur
1255 348 1515 414 tantum
1560 345 1855 412 laborem
1901 366 2162 430 caperes
2208 347 2276 409 et

257 434 344 500 ad
378 456 483 500 me
519 434 802 515 venires3
846 455 964 517 per
996 433 1297 502 nuntium
1342 433 1483 516 hoc,
1530 433 1701 517 quod
1749 436 1891 498 erat
1934 437 2071 502 tam
2116 433 2275 515 leve,

255 523 627 607 transigere
689 519 1005 605 potuisti?
1103 521 1231 586 Pro
1298 522 1487 587 deum
1539 521 2002 604 hominumque
2055 521 2272 585 fidem!
2297 490 2384 617 153)

256 611 385 677 hoc
449 612 565 680 aut
617 609 889 675 Roscius
949 631 1256 693 umquam
1313 632 1353 674 a
1406 608 1635 674 Cluvio
1689 609 1988 692 petisset,
2055 608 2111 672 si
2164 605 2275 673 HS

200 717 229 759 5
260 698 521 768 miliens
568 697 639 762 in
681 696 987 763 iudicium
1031 697 1330 775 haberet,
1386 701 1499 763 aut
1555 696 1821 763 Cluvius
1875 695 2109 763 Roscio
2170 717 2275 780 pe-

258 787 430 852 tenti
458 785 910 869 concessisset,
948 784 1005 850 si
1031 785 1373 850 universae
1399 786 1676 870 praedae
1703 785 2031 870 particeps
2060 784 2276 849 esset‘?

258 875 373 941 vix
417 896 522 940 me
568 874 711 939 dius
757 873 946 948 fidius
992 876 1093 956 tu,
1148 872 1386 956 Fanni,
1442 896 1480 938 a
1532 872 1832 948 Ballione
1887 877 2001 944 aut
2053 872 2274 957 aliquo

259 963 401 1028 eius
471 962 672 1030 simili
738 961 863 1032 hoc
931 966 997 1026 et
1062 962 1400 1046 postulare
1467 961 1734 1026 auderes
1799 965 1866 1026 et
1926 961 2276 1046 impetrare

251 1072 509 1137 ,posses
597 1049 786 1126 ‚Quod
830 1071 975 1114 cum
1023 1053 1124 1114 est
1168 1050 1445 1115 veritate
1499 1049 1766 1132 falsum,
1826 1052 1970 1114 tum
2022 1050 2276 1116 ratione

174 1160 230 1200 10
260 1160 520 1223 quoque
575 1141 676 1203 est
729 1137 1136 1219 incredibile3
1199 1137 1545 1205 obliviscor
1608 1137 1780 1204 enim
1839 1135 2148 1204 Roscium
2208 1140 2276 1202 et

262 1226 566 1293 Cluvium
593 1225 769 1291 viros
799 1247 939 1290 esse
967 1225 1342 1309 primarios3
1376 1224 1711 1309 improbos
1740 1221 2054 1306 temporis
2080 1244 2279 1290 causa

260 1336 404 1380 esse
467 1315 665 1398 fingo.
753 1311 1021 1378 Falsum
1076 1311 1458 1380 subornavit
1512 1314 1747 1377 testem
1802 1310 2072 1382 Roscius
2128 1309 2275 1376 Clu·
2315 1320 2384 1369 51

260 1403 468 1469 vium!
534 1400 666 1468 Cur
702 1405 842 1467 tam
876 1400 1067 1466 sero‘?
1113 1422 1244 1485 cur,
1279 1421 1427 1467 cum
1462 1400 1675 1468 altera
1707 1398 1935 1485 pensio
1964 1399 2279 1466 solvenda

264 1495 458 1574 esset,
499 1512 634 1555 non
669 1493 830 1572 tum,
877 1511 1024 1557 cum
1058 1489 1317 1574 prima?
1362 1510 1517 1555 nam
1553 1489 1686 1558 iam
1732 1491 1926 1558 antea
1960 1486 2071 1556 HS
2119 1507 2276 1558 1000

183 1598 236 1639 ιο
264 1578 672 1645 dissolverat.
764 1576 1036 1661 Deinde,
1100 1577 1156 1642 si
1213 1578 1345 1644 iam
1398 1599 1782 1663 persuasum
1834 1579 1977 1642 erat
2031 1576 2280 1662 Cluvio,

268 1671 346 1733 ut
390 1666 796 1749 mentiretur,
839 1688 954 1731 cur
997 1666 1215 1751 potius
1260 1663 1373 1730 HS
1420 1681 1703 1732 0001000
1748 1687 1947 1749 ί(Ῑιιιιιῑιι
1994 1682 2279 1736 0001000

271 1771 562 1822 0001000
601 1770 885 1822 0001000
933 1754 1087 1819 data
1132 1754 1296 1818 dixit
1330 1752 1580 1818 Fannio
1627 1776 1667 1818 a
1709 1751 1965 1835 Flavio,
2011 1775 2155 1820 cum
2202 1776 2279 1818 ex

267 1842 764 1927 restipulatione
799 1864 952 1926 pars
992 1842 1129 1916 eius
1166 1841 1434 1907 dimidia
1467 1841 1665 1907 Rosci
1710 1841 1923 1908 esset?
1996 1839 2137 1905 Iam
2182 1841 2279 1905 in-

266 1930 547 2017 tellegis,
595 1928 663 1995 O.
690 1929 862 2015 Pis0,
908 1929 1033 1993 sibi
1078 1928 1223 2012 soli,
1269 1928 1569 1993 societati
1611 1927 1777 1994 nihil
1823 1927 2129 1992 Roscium
2173 1950 2278 2014 pe·

181 2039 238 2080 20
264 2020 443 2087 tisse.
482 2017 650 2087 ·Hoc
677 2040 822 2084 cum
874 2018 1079 2083 sentit
1121 2015 1419 2083 Saturius
1448 2036 1587 2087 esse
1622 2018 1942 2100 apertum,
1976 2016 2279 2083 resistere

264 2111 332 2173 et
375 2128 740 2193 repugnare
788 2109 1015 2171 contra
1059 2105 1403 2173 veritatem
1447 2125 1579 2171 non
1625 2103 1843 2186 audet,
1890 2103 2065 2168 aliud
2109 2104 2279 2171 frau-

264 2195 364 2260 dis
439 2198 505 2260 et
575 2194 956 2260 insidiarum
1027 2193 1098 2258 in
1168 2192 1392 2257 eodem
1463 2190 1745 2278 vestigio
1815 2191 2279 2260 deverticulum

261 2286 737 2454 repe‘llil‘igitisse',
781 2370 1021 2454 inquit,
1067 2368 1286 2435 ‘suam
1320 2372 1576 2454 partem
1611 2369 1918 2435 Roscium
1965 2391 2004 2435 a
2047 2368 2277 2438 Flavio
2317 2376 2386 2426 52

184 2479 239 2520 25
266 2459 609 2543 confiteor,
664 2479 936 2524 vacuam
991 2461 1057 2523 et
1110 2458 1436 2542 integram
1491 2457 1830 2541 reliquisse
1860 2456 2081 2531 ¹Fanni
2135 2481 2279 2526 con-

265 2546 452 2629 ced03
515 2546 653 2631 sed,
718 2545 887 2631 quod
948 2546 1074 2610 sibi
1128 2545 1371 2630 exegit,
1434 2542 1502 2610 id
1554 2567 1893 2619 commune
1945 2547 2278 2617 societatis

261 2635 514 2700 factum
576 2655 716 2699 esse
781 2632 1139 2699 contendo?
1239 2631 1380 2709 Quo
1438 2632 1605 2698 nihil
1664 2634 2019 2719 captiosius
2068 2655 2280 2717 neque

265 2722 596 2807 indignius
652 2724 874 2808 potest
927 2721 1068 2789 dici.
1161 2721 1416 2797 Quaero
1472 2721 1670 2804 enim,
1732 2721 2101 2807 potueritne
2156 2720 2279 2787 Ro-

268 2809 441 2875 scius
478 2833 554 2875 ex
593 2810 906 2877 societate
946 2831 1132 2877 suam
1176 2813 1430 2895 partem
1475 2813 1695 2894 petere
1738 2831 1955 2874 necne.
2037 2806 2107 2872 Si
2151 2829 2283 2875 non

183 2917 239 2959 so
263 2898 504 2984 potuit,
550 2920 739 2983 quem
779 2899 860 2964 ad
898 2897 1161 2967 modum
1207 2897 1525 2963 abstulit‘?
1574 2898 1630 2962 si
1673 2897 1917 2981 potuit,
1962 2917 2153 2978 quem
2200 2896 2283 2960 ad

262 2987 530 3052 modum
565 3009 698 3052 non
737 2986 864 3052 sibi
905 2986 1165 3072 exegit?
1208 3007 1364 3052 nam
1410 2984 1581 3069 quod
1628 2985 1754 3050 sibi
1798 2984 2063 3069 petitur,
2109 2986 2281 3049 certe

264 3075 460 3141 alteri
514 3097 648 3140 non
701 3074 998 3162 exigitur.
1082 3072 1189 3139 An
1246 3074 1345 3139 ita
1390 3076 1518 3138 est:
1583 3070 1679 3155 Si,
1725 3071 1901 3156 quod
1943 3071 2280 3137 universae
2318 3090 2387 3140 53

262 3163 597 3230 societatis
644 3162 905 3245 fuisset,
962 3162 1262 3248 petisset,
1309 3161 1481 3245 quod
1526 3164 1667 3226 tum
1712 3160 2044 3224 redactum
2092 3163 2280 3242 esset,

262 3251 624 3335 aequaliter
662 3272 884 3316 omnes
921 3250 1348 3336 partirentur3
1393 3271 1562 3317 nunc
1599 3270 1746 3314 cum
1782 3247 2064 3333 petierit,
2110 3248 2283 3331 quod

138 3394 142 3401 v,
176 3355 234 3398 8⁵
262 3361 420 3405 suae
457 3339 667 3424 partis
706 3342 895 3421 esset,
938 3361 1088 3422 non,
1126 3338 1297 3422 quod
1335 3340 1475 3403 tum
1513 3335 1807 3419 abstulit,
1854 3335 1979 3401 soli
2017 3336 2143 3401 sibi
2180 3358 2282 3401 ex-

261 3427 447 3513 egit?
521 3425 689 3502 Quid
729 3427 1002 3492 interest
1046 3427 1219 3491 inter
1265 3447 1440 3508 eum,
1486 3424 1598 3508 qui
1641 3445 1756 3508 per
1803 3445 1872 3488 se
1917 3424 2168 3512 litigat,
2216 3428 2282 3490 et
2306 3428 2391 3492 18

263 3536 439 3596 eum,
496 3515 608 3599 qui
654 3515 955 3602 cognitor
1003 3518 1103 3579 est
1151 3513 1387 3579 datus?
1459 3511 1584 3590 Qui
1627 3534 1744 3599 per
1792 3534 1859 3578 se
1905 3513 2090 3579 litem
2136 3535 2283 3581 con-

371 3625 481 3669 010.
506 3628 572 3670 11.
617 3630 656 3669 1.
1825 3623 1855 3672 ‘1
