2566 4016
226 872 312 998 ἓξ

224 2142 294 2190 69

330 230 462 293 224
934 226 1008 280 IN
1050 224 1108 281 Ο.
1136 223 1443 279 VERREM
1478 221 1631 278 AOT.
1670 222 1737 276 II.

330 373 655 457 exemp10,
710 391 980 454 ecquam
1031 388 1170 434 rem
1220 367 1468 453 putatis
1516 388 1658 431 esse
1702 365 1773 430 in
1817 363 2040 431 Sicilia
2083 361 2214 427 nisi
2258 362 2341 426 ad

329 464 563 525 nutum
588 458 780 523 istius
817 456 1214 523 iudicatam?
1277 454 1517 520 Utrum
1553 455 1621 519 id
1657 453 1870 518 solum
1905 450 2163 517 videtur
2200 471 2341 515 esse

330 553 576 631 actum,
631 546 801 630 quod
853 549 954 611 est
997 548 1219 610 tamen
1264 547 1508 627 actum,
1561 546 1637 607 ut
1681 541 1840 608 haec
1886 538 2190 604 Heraclio
2234 559 2341 623 pe-

328 636 522 702 cunia
571 635 954 720 eriperetur,
1009 654 1093 698 an
1139 632 1337 698 etiam
1382 630 1573 716 illud,
1626 630 1696 694 in
1740 650 1867 713 quo
1912 626 2155 713 praeda
2201 630 2340 691 erat

331 725 643 807 maxima,
697 726 771 788 ut
822 722 1084 786 nomine
1137 720 1523 785 iudiciorum
1576 717 1865 783 omnium
1919 717 2093 780 bona
2148 717 2341 798 atque
2367 734 2394 774 5

331 813 634 876 fortunae
677 810 748 874 in
792 810 983 875 istius
1032 809 1220 873 unius
1268 810 1485 871 essent
1530 804 1971 891 potestatem?

466 899 607 963 Iam
651 919 804 963 vero
851 898 920 962 in
964 917 1179 961 rerum
1225 895 1607 980 capitalium
1653 891 2141 978 quaestionibus
2188 890 2341 974 quid

334 1008 454 1072 ego
518 1008 713 1051 unam
779 1006 1100 1071 quamque
1158 1006 1297 1048 rem
1352 983 1662 1068 colligam
1716 984 1783 1046 et
1837 979 2143 1046 causam?
2240 978 2343 1043 Ex

333 1074 558 1139 multis
597 1073 919 1139 similibus
966 1094 1042 1138 ea
1094 1094 1365 1155 sumam,
1410 1092 1574 1155 quae
1620 1069 1898 1134 maxime
1943 1066 2342 1152 inprobitate

332 1164 645 1229 excellere
679 1162 1088 1226 videbuntur.
1149 1158 1425 1243 Sopater
1464 1158 1727 1243 quidam
1761 1157 1890 1221 fuit
1914 1154 2343 1239 Halicyensis,
2373 1175 2425 1214 10

331 1252 528 1316 homo
569 1250 744 1315 domi
781 1271 934 1316 suae
971 1271 1117 1315 cum
1157 1247 1389 1333 primis
1435 1246 1724 1330 locuples
1771 1249 1966 1329 atque
2012 1243 2343 1308 honestus.

330 1339 397 1403 Is
437 1340 520 1403 ab
557 1338 836 1402 inimicis
876 1337 1008 1402 suis
1058 1335 1227 1421 apud
1263 1333 1332 1400 G.
1371 1332 1787 1400 Sacerdotem
1833 1335 2203 1417 praetorem
2248 1331 2345 1395 rei

330 1426 634 1510 capitalis
699 1447 846 1489 cum
911 1426 1247 1490 accusatus
1312 1425 1510 1506 esset,
1573 1421 1766 1487 facile
1819 1442 1896 1486 eo
1951 1419 2186 1484 iudicio
2244 1423 2347 1483 est

330 1512 666 1577 liberatus.
765 1512 933 1577 Huic
997 1511 1202 1575 eidem
1258 1507 1538 1595 Sopatro
1600 1509 1772 1574 idem
1833 1507 2080 1573 inimici
2135 1506 2217 1571 ad
2272 1505 2343 1572 C.
2419 1526 2425 1533 ·

331 1599 630 1683 Verrem,
696 1622 842 1665 cum
894 1599 950 1662 is
1006 1596 1342 1663 Sacerdoti
1401 1597 1845 1680 successisset,
1909 1595 2194 1660 eiusdem
2247 1595 2345 1660 rei
2373 1611 2428 1653 1⁵

329 1709 566 1752 nomen
617 1688 1004 1752 detulerunt.
1093 1685 1223 1750 Res
1271 1683 1551 1770 Sopatro
1595 1684 1809 1750 facilis
1853 1683 2222 1766 videbatur,
2277 1686 2345 1747 et

331 1776 502 1860 quod
567 1779 706 1841 erat
763 1776 1070 1840 innocens
1125 1777 1192 1838 et
1246 1772 1421 1857 quod
1475 1771 1840 1838 Sacerdotis
1894 1771 2200 1836 iudicium
2244 1770 2345 1835 in-

330 1864 607 1949 probare
674 1864 874 1928 istum
944 1883 1253 1928 ausurum
1315 1883 1448 1927 non
1518 1860 1983 1926 arbitrabatur.
2085 1856 2343 1924 Citatur

330 1973 504 2036 reus3
543 1973 738 2018 causa
767 1951 985 2039 agitur
1013 1948 1377 2036 Syracusis3
1413 1949 1686 2015 crimina
1712 1951 2079 2015 tractantur
2118 1947 2201 2013 ab
2239 1969 2343 2013 ac-

331 2043 627 2106 cusatore
683 2063 784 2124 ea,
840 2062 1003 2124 quae
1050 2042 1238 2105 erant
1282 2042 1475 2103 antea
1518 2059 1652 2102 non
1694 2038 1907 2103 solum
1955 2035 2341 2120 defensione,
2369 2053 2429 2093 πυ

331 2151 557 2194 verum
594 2130 790 2194 etiam
829 2128 1064 2193 iudicio
1104 2127 1441 2191 dissoluta.
1507 2124 1787 2191 Causam
1823 2122 2085 2209 Sopatri
2131 2123 2344 2189 defen·

330 2218 526 2281 debat
573 2215 645 2290 Q.
691 2215 1036 2297 Minucius,
1094 2235 1289 2298 eques
1335 2213 1667 2279 Romanus
1721 2213 1793 2277 in
1844 2212 2075 2297 primis
2132 2212 2343 2297 splen-

331 2304 517 2366 didus
565 2305 759 2386 atque
803 2302 1116 2366 honestus
1161 2300 1503 2386 vobisque,
1558 2301 1827 2385 iudices,
1880 2322 2012 2366 non
2055 2301 2342 2387 ignotus.

330 2388 515 2453 Nihil
545 2392 685 2453 erat
711 2390 780 2453 in
808 2410 1018 2472 causa,
1057 2388 1229 2473 quod
1265 2390 1681 2455 metuendum
1719 2393 1833 2455 aut
1870 2388 2133 2455 omnino
2171 2387 2345 2473 quod

332 2476 755 2542 dubitandum
809 2476 1152 2543 videretur.
1241 2475 1500 2543 Interea
1552 2477 1743 2542 istius
1798 2476 2074 2541 libertus
2130 2480 2196 2541 et
2242 2499 2344 2542 ac·
2372 2495 2428 2535 25

331 2585 558 2629 census
622 2564 1086 2649 Timarchides,
1161 2565 1272 2650 qui
1338 2569 1465 2650 est,
1531 2565 1597 2630 id
1666 2565 1838 2650 quod
1902 2586 1980 2629 ex
2039 2564 2344 2648 plurimis

329 2652 608 2717 testibus
650 2653 866 2738 priore
913 2654 1166 2720 actione
1213 2653 1547 2737 didicistis,
1594 2674 1810 2717 rerum
1855 2652 2121 2718 huiusce
2165 2653 2346 2718 modi

331 2740 618 2805 omnium
655 2744 1023 2807 transactor
1068 2745 1134 2806 et
1180 2742 1576 2824 administer,
1623 2741 1705 2806 ad
1749 2738 2101 2825 Sopatrum
2143 2741 2345 2824 venit,

331 2832 554 2895 monet
588 2829 936 2914 hominem,
980 2851 1062 2894 ne
1096 2830 1293 2894 nimis
1329 2829 1565 2895 iudicio
1604 2828 1969 2895 Sacerdotis
2007 2833 2073 2894 et
2110 2850 2345 2895 causae

333 2939 485 2982 suae
528 2918 838 3001 confidat3
883 2921 1290 2984 accusatores
1336 2917 1759 3001 inimicosque
1804 2916 1941 2982 eius
1987 2917 2226 2981 habere
2273 2916 2347 2982 in
2376 2935 2431 2975 so

332 3005 550 3071 animo
604 3006 943 3091 pecuniam
999 3005 1288 3090 praetori
1343 3005 1522 3088 dare3
1575 3008 1945 3090 praetorem
1990 3008 2211 3069 tamen
2259 3004 2347 3069 ob

332 3094 610 3158 salutem
647 3094 846 3159 malle
885 3094 1191 3179 accipere,
1239 3096 1306 3157 et
1342 3092 1537 3158 simul
1571 3094 1789 3177 malle,
1833 3093 1891 3158 si
1924 3092 2067 3157 fieri
2101 3095 2349 3176 posset,

331 3204 470 3246 rem
514 3182 863 3247 iudicatam
907 3202 1041 3246 non
1084 3180 1464 3245 rescindere.
1545 3178 1837 3266 Sopater,
1884 3203 2029 3247 cum
2073 3180 2199 3246 hoc
2242 3180 2352 3244 illi

329 3270 755 3353 improvisum
821 3273 1016 3354 atque
1079 3268 1488 3353 inopinatum
1554 3269 1915 3353 accidisset,
1980 3272 2351 3334 commotus

331 3360 432 3418 est
471 3378 625 3420 sane
661 3379 869 3441 neque
903 3358 974 3422 in
1008 3357 1395 3443 praesentia,
1441 3356 1838 3423 Timarchidi
1884 3356 2038 3440 quid
2082 3378 2352 3442 respon·
2380 3371 2433 3414 ³⁵

331 3441 538 3525 deret,
583 3444 841 3528 habuit,
885 3445 1014 3509 nisi
1050 3467 1119 3510 se
1169 3444 1751 3529 consideraturum,
1799 3445 1954 3529 quid
1998 3444 2125 3509 sibi
2171 3448 2353 3509 esset

326 3526 712 3612 faciendum,
760 3536 825 3595 et
863 3532 1056 3596 simul
1103 3533 1389 3597 ostendit
1436 3554 1504 3597 se
1548 3533 1618 3597 in
1663 3555 1915 3598 summa
1960 3532 2356 3597 difficultate
