<?xml version="1.0" encoding="UTF-8"?>
<!DOCTYPE html PUBLIC "-//W3C//DTD XHTML 1.0 Transitional//EN"
    "http://www.w3.org/TR/xhtml1/DTD/xhtml1-transitional.dtd">
<html xmlns="http://www.w3.org/1999/xhtml" xml:lang="en" lang="en">
 <head>
  <title>
</title>
<meta http-equiv="Content-Type" content="text/html;charset=utf-8" />
  <meta name='ocr-system' content='tesseract 3.04.00' />
  <meta name='ocr-capabilities' content='ocr_page ocr_carea ocr_par ocr_line ocrx_word'/>
</head>
<body>
  <div class='ocr_page' id='page_1' title='image "./scriptaquaemans00klotgoog_0268.png"; bbox 0 0 2566 4016; ppageno 0'>
   <div class='ocr_carea' id='block_1_1' title="bbox 296 212 1713 281">
    <p class='ocr_par' dir='ltr' id='par_1_1' title="bbox 296 212 1713 281">
     <span class='ocr_line' id='line_1_1' title="bbox 296 212 1713 281; baseline -0.001 -12"><span class='ocrx_word' id='word_1_1' title='bbox 296 215 425 281; x_wconf 85' lang='lat'><strong>150</strong></span> <span class='ocrx_word' id='word_1_2' title='bbox 891 214 974 269; x_wconf 84' lang='lat' dir='ltr'><strong>IN</strong></span> <span class='ocrx_word' id='word_1_3' title='bbox 1012 215 1072 271; x_wconf 87' lang='lat' dir='ltr'><strong>C.</strong></span> <span class='ocrx_word' id='word_1_4' title='bbox 1100 213 1410 271; x_wconf 81' lang='lat' dir='ltr'><strong>VERREM</strong></span> <span class='ocrx_word' id='word_1_5' title='bbox 1446 212 1607 268; x_wconf 78' lang='lat' dir='ltr'><strong>AGT.</strong></span> <span class='ocrx_word' id='word_1_6' title='bbox 1644 214 1713 268; x_wconf 85' lang='lat'><strong>11.</strong></span> 
     </span>
    </p>
   </div>
   <div class='ocr_carea' id='block_1_2' title="bbox 181 357 2395 3615">
    <p class='ocr_par' dir='ltr' id='par_1_2' title="bbox 181 357 2395 3615">
     <span class='ocr_line' id='line_1_2' title="bbox 290 357 2313 445; baseline -0 -19"><span class='ocrx_word' id='word_1_7' title='bbox 290 360 399 426; x_wconf 77' lang='lat' dir='ltr'><strong>vel</strong></span> <span class='ocrx_word' id='word_1_8' title='bbox 454 360 733 445; x_wconf 88' lang='lat' dir='ltr'><strong>amplius</strong></span> <span class='ocrx_word' id='word_1_9' title='bbox 834 359 1213 426; x_wconf 87' lang='lat' dir='ltr'><strong>ronuntiari.</strong></span> <span class='ocrx_word' id='word_1_10' title='bbox 1302 357 1540 423; x_wconf 85' lang='lat' dir='ltr'><strong>Utram</strong></span> <span class='ocrx_word' id='word_1_11' title='bbox 1593 357 1799 444; x_wconf 86' lang='lat' dir='ltr'><strong>igitur</strong></span> <span class='ocrx_word' id='word_1_12' title='bbox 1852 360 2049 442; x_wconf 86' lang='lat' dir='ltr'><strong>putas</strong></span> <span class='ocrx_word' id='word_1_13' title='bbox 2095 357 2313 445; x_wconf 87' lang='lat' dir='ltr'><strong>legem</strong></span> 
     </span>
     <span class='ocr_line' id='line_1_3' title="bbox 292 444 2314 533; baseline 0 -19"><span class='ocrx_word' id='word_1_14' title='bbox 292 448 705 514; x_wconf 76' lang='lat' dir='ltr'>molliorem?</span> <span class='ocrx_word' id='word_1_15' title='bbox 826 448 1045 533; x_wconf 88' lang='lat' dir='ltr'><strong>pinor,</strong></span> <span class='ocrx_word' id='word_1_16' title='bbox 1097 447 1286 512; x_wconf 90' lang='lat' dir='ltr'><strong>illam</strong></span> <span class='ocrx_word' id='word_1_17' title='bbox 1330 451 1646 530; x_wconf 80' lang='lat' dir='ltr'><strong>veterem,</strong></span> <span class='ocrx_word' id='word_1_18' title='bbox 1697 467 1827 530; x_wconf 86' lang='lat' dir='ltr'><strong>qua</strong></span> <span class='ocrx_word' id='word_1_19' title='bbox 1869 445 1978 510; x_wconf 80' lang='lat' dir='ltr'><strong>vel</strong></span> <span class='ocrx_word' id='word_1_20' title='bbox 2023 444 2155 511; x_wconf 85' lang='lat' dir='ltr'><strong>cito</strong></span> <span class='ocrx_word' id='word_1_21' title='bbox 2203 448 2314 514; x_wconf 86' lang='lat' dir='ltr'><strong>ab·</strong></span> 
     </span>
     <span class='ocr_line' id='line_1_4' title="bbox 293 532 2313 620; baseline 0 -19"><span class='ocrx_word' id='word_1_22' title='bbox 293 536 463 601; x_wconf 83' lang='lat' dir='ltr'><strong>solvi</strong></span> <span class='ocrx_word' id='word_1_23' title='bbox 514 535 620 600; x_wconf 82' lang='lat' dir='ltr'><strong>vel</strong></span> <span class='ocrx_word' id='word_1_24' title='bbox 673 535 859 601; x_wconf 90' lang='lat' dir='ltr'><strong>tarde</strong></span> <span class='ocrx_word' id='word_1_25' title='bbox 921 535 1336 601; x_wconf 89' lang='lat' dir='ltr'><strong>condemnari</strong></span> <span class='ocrx_word' id='word_1_26' title='bbox 1399 534 1655 599; x_wconf 75' lang='lat' dir='ltr'>licebat.</span> <span class='ocrx_word' id='word_1_27' title='bbox 1744 532 1892 620; x_wconf 86' lang='lat' dir='ltr'><strong>Ego</strong></span> <span class='ocrx_word' id='word_1_28' title='bbox 1945 533 2072 598; x_wconf 86' lang='lat' dir='ltr'><strong>tibi</strong></span> <span class='ocrx_word' id='word_1_29' title='bbox 2124 534 2313 601; x_wconf 85' lang='lat' dir='ltr'><strong>illam</strong></span> 
     </span>
     <span class='ocr_line' id='line_1_5' title="bbox 253 621 2310 712; baseline -0 -23"><span class='ocrx_word' id='word_1_30' title='bbox 253 622 573 712; x_wconf 24' lang='lat' dir='ltr'><strong>„Aciliam</strong></span> <span class='ocrx_word' id='word_1_31' title='bbox 628 624 844 711; x_wconf 89' lang='lat' dir='ltr'><strong>legem</strong></span> <span class='ocrx_word' id='word_1_32' title='bbox 897 624 1203 708; x_wconf 83' lang='lat' dir='ltr'><strong>restitue,</strong></span> <span class='ocrx_word' id='word_1_33' title='bbox 1258 645 1388 707; x_wconf 86' lang='lat' dir='ltr'><strong>qua</strong></span> <span class='ocrx_word' id='word_1_34' title='bbox 1441 622 1588 709; x_wconf 91' lang='lat' dir='ltr'><strong>lege</strong></span> <span class='ocrx_word' id='word_1_35' title='bbox 1643 621 1836 686; x_wconf 85' lang='lat' dir='ltr'><strong>multi</strong></span> <span class='ocrx_word' id='word_1_36' title='bbox 1880 622 2084 688; x_wconf 90' lang='lat' dir='ltr'><strong>semel</strong></span> <span class='ocrx_word' id='word_1_37' title='bbox 2133 644 2310 688; x_wconf 88' lang='lat' dir='ltr'><strong>accu-</strong></span> 
     </span>
     <span class='ocr_line' id='line_1_6' title="bbox 292 709 2363 795; baseline -0.002 -18"><span class='ocrx_word' id='word_1_38' title='bbox 292 712 448 795; x_wconf 87' lang='lat' dir='ltr'><strong>sati,</strong></span> <span class='ocrx_word' id='word_1_39' title='bbox 503 712 704 777; x_wconf 90' lang='lat' dir='ltr'><strong>semel</strong></span> <span class='ocrx_word' id='word_1_40' title='bbox 759 712 935 778; x_wconf 89' lang='lat' dir='ltr'><strong>dicta</strong></span> <span class='ocrx_word' id='word_1_41' title='bbox 988 732 1209 795; x_wconf 85' lang='lat' dir='ltr'><strong>causa,</strong></span> <span class='ocrx_word' id='word_1_42' title='bbox 1273 710 1475 776; x_wconf 89' lang='lat' dir='ltr'><strong>semel</strong></span> <span class='ocrx_word' id='word_1_43' title='bbox 1531 709 1771 775; x_wconf 89' lang='lat' dir='ltr'><strong>auditis</strong></span> <span class='ocrx_word' id='word_1_44' title='bbox 1823 709 2105 774; x_wconf 87' lang='lat' dir='ltr'><strong>testibus</strong></span> <span class='ocrx_word' id='word_1_45' title='bbox 2160 731 2310 776; x_wconf 87' lang='lat' dir='ltr'><strong>con-</strong></span> <span class='ocrx_word' id='word_1_46' title='bbox 2338 730 2363 772; x_wconf 85' lang='lat'><strong>5</strong></span> 
     </span>
     <span class='ocr_line' id='line_1_7' title="bbox 292 797 2311 884; baseline 0 -20"><span class='ocrx_word' id='word_1_47' title='bbox 292 800 582 864; x_wconf 88' lang='lat' dir='ltr'><strong>demnati</strong></span> <span class='ocrx_word' id='word_1_48' title='bbox 618 803 770 865; x_wconf 87' lang='lat' dir='ltr'><strong>sunt</strong></span> <span class='ocrx_word' id='word_1_49' title='bbox 805 820 1216 884; x_wconf 76' lang='lat' dir='ltr'><strong>nequaquam</strong></span> <span class='ocrx_word' id='word_1_50' title='bbox 1251 802 1393 864; x_wconf 90' lang='lat' dir='ltr'><strong>tam</strong></span> <span class='ocrx_word' id='word_1_51' title='bbox 1439 797 1803 863; x_wconf 80' lang='lat' dir='ltr'><strong>manifestis</strong></span> <span class='ocrx_word' id='word_1_52' title='bbox 1847 817 2059 881; x_wconf 84' lang='lat' dir='ltr'><strong>neque</strong></span> <span class='ocrx_word' id='word_1_53' title='bbox 2103 799 2311 864; x_wconf 88' lang='lat' dir='ltr'><strong>tantis</strong></span> 
     </span>
     <span class='ocr_line' id='line_1_8' title="bbox 292 885 2309 972; baseline -0.001 -18"><span class='ocrx_word' id='word_1_54' title='bbox 292 887 697 971; x_wconf 83' lang='lat' dir='ltr'><strong>criminibus,</strong></span> <span class='ocrx_word' id='word_1_55' title='bbox 753 890 1016 972; x_wconf 86' lang='lat' dir='ltr'><strong>quantis</strong></span> <span class='ocrx_word' id='word_1_56' title='bbox 1066 892 1141 953; x_wconf 90' lang='lat' dir='ltr'><strong>tu</strong></span> <span class='ocrx_word' id='word_1_57' title='bbox 1186 886 1603 953; x_wconf 83' lang='lat' dir='ltr'><strong>convinceris.</strong></span> <span class='ocrx_word' id='word_1_58' title='bbox 1682 885 1855 950; x_wconf 85' lang='lat' dir='ltr'><strong>Puta</strong></span> <span class='ocrx_word' id='word_1_59' title='bbox 1897 889 1967 950; x_wconf 90' lang='lat' dir='ltr'><strong>te</strong></span> <span class='ocrx_word' id='word_1_60' title='bbox 2009 907 2143 951; x_wconf 89' lang='lat' dir='ltr'><strong>non</strong></span> <span class='ocrx_word' id='word_1_61' title='bbox 2187 887 2309 953; x_wconf 90' lang='lat' dir='ltr'><strong>hac</strong></span> 
     </span>
     <span class='ocr_line' id='line_1_9' title="bbox 292 973 2307 1062; baseline -0.001 -22"><span class='ocrx_word' id='word_1_62' title='bbox 292 979 433 1040; x_wconf 83' lang='lat' dir='ltr'><strong>tam</strong></span> <span class='ocrx_word' id='word_1_63' title='bbox 497 976 731 1060; x_wconf 91' lang='lat' dir='ltr'><strong>atroci,</strong></span> <span class='ocrx_word' id='word_1_64' title='bbox 794 976 906 1041; x_wconf 89' lang='lat' dir='ltr'><strong>sed</strong></span> <span class='ocrx_word' id='word_1_65' title='bbox 966 975 1088 1041; x_wconf 89' lang='lat' dir='ltr'><strong>illa</strong></span> <span class='ocrx_word' id='word_1_66' title='bbox 1147 976 1297 1062; x_wconf 89' lang='lat' dir='ltr'><strong>lege</strong></span> <span class='ocrx_word' id='word_1_67' title='bbox 1358 974 1709 1039; x_wconf 79' lang='lat' dir='ltr'><strong>mitissima</strong></span> <span class='ocrx_word' id='word_1_68' title='bbox 1761 994 2025 1039; x_wconf 87' lang='lat' dir='ltr'><strong>causam</strong></span> <span class='ocrx_word' id='word_1_69' title='bbox 2080 973 2307 1040; x_wconf 88' lang='lat' dir='ltr'><strong>dicere.</strong></span> 
     </span>
     <span class='ocr_line' id='line_1_10' title="bbox 292 1061 2308 1149; baseline -0.001 -21"><span class='ocrx_word' id='word_1_70' title='bbox 292 1062 660 1147; x_wconf 82' lang='lat' dir='ltr'><strong>Accusab03</strong></span> <span class='ocrx_word' id='word_1_71' title='bbox 713 1064 1161 1149; x_wconf 80' lang='lat' dir='ltr'><strong>respondebis3</strong></span> <span class='ocrx_word' id='word_1_72' title='bbox 1214 1063 1494 1128; x_wconf 86' lang='lat' dir='ltr'><strong>testibus</strong></span> <span class='ocrx_word' id='word_1_73' title='bbox 1551 1061 1742 1127; x_wconf 89' lang='lat' dir='ltr'><strong>editis</strong></span> <span class='ocrx_word' id='word_1_74' title='bbox 1790 1061 1890 1127; x_wconf 88' lang='lat' dir='ltr'><strong>ita</strong></span> <span class='ocrx_word' id='word_1_75' title='bbox 1933 1062 2192 1126; x_wconf 83' lang='lat' dir='ltr'><strong>mittam</strong></span> <span class='ocrx_word' id='word_1_76' title='bbox 2235 1062 2308 1126; x_wconf 88' lang='lat' dir='ltr'><strong>in</strong></span> 
     </span>
     <span class='ocr_line' id='line_1_11' title="bbox 293 1149 2391 1236; baseline -0.003 -19"><span class='ocrx_word' id='word_1_77' title='bbox 293 1151 655 1235; x_wconf 87' lang='lat' dir='ltr'><strong>consilium,</strong></span> <span class='ocrx_word' id='word_1_78' title='bbox 688 1155 784 1235; x_wconf 91' lang='lat' dir='ltr'><strong>ut,</strong></span> <span class='ocrx_word' id='word_1_79' title='bbox 823 1152 1082 1217; x_wconf 88' lang='lat' dir='ltr'><strong>etiamsi</strong></span> <span class='ocrx_word' id='word_1_80' title='bbox 1117 1152 1222 1216; x_wconf 90' lang='lat' dir='ltr'><strong>lex</strong></span> <span class='ocrx_word' id='word_1_81' title='bbox 1258 1149 1618 1236; x_wconf 80' lang='lat' dir='ltr'><strong>ampliandi</strong></span> <span class='ocrx_word' id='word_1_82' title='bbox 1652 1149 1855 1215; x_wconf 82' lang='lat' dir='ltr'><strong>faciat</strong></span> <span class='ocrx_word' id='word_1_83' title='bbox 1890 1154 2306 1234; x_wconf 85' lang='lat' dir='ltr'><strong>potestatem,</strong></span> <span class='ocrx_word' id='word_1_84' title='bbox 2336 1171 2391 1212; x_wconf 82' lang='grc' dir='ltr'><strong>ιο</strong></span> 
     </span>
     <span class='ocr_line' id='line_1_12' title="bbox 292 1237 2308 1325; baseline 0 -21"><span class='ocrx_word' id='word_1_85' title='bbox 292 1242 516 1304; x_wconf 85' lang='lat' dir='ltr'><strong>tamen</strong></span> <span class='ocrx_word' id='word_1_86' title='bbox 566 1239 684 1305; x_wconf 90' lang='lat' dir='ltr'><strong>isti</strong></span> <span class='ocrx_word' id='word_1_87' title='bbox 734 1243 926 1325; x_wconf 91' lang='lat' dir='ltr'><strong>turpe</strong></span> <span class='ocrx_word' id='word_1_88' title='bbox 981 1240 1109 1305; x_wconf 91' lang='lat' dir='ltr'><strong>sibi</strong></span> <span class='ocrx_word' id='word_1_89' title='bbox 1155 1238 1528 1305; x_wconf 73' lang='lat' dir='ltr'><strong>existiment</strong></span> <span class='ocrx_word' id='word_1_90' title='bbox 1570 1259 1704 1303; x_wconf 92' lang='lat' dir='ltr'><strong>non</strong></span> <span class='ocrx_word' id='word_1_91' title='bbox 1747 1238 1961 1323; x_wconf 88' lang='lat' dir='ltr'><strong>primo</strong></span> <span class='ocrx_word' id='word_1_92' title='bbox 2006 1237 2308 1305; x_wconf 80' lang='lat' dir='ltr'><strong>iudicare.</strong></span> 
     </span>
     <span class='ocr_line' id='line_1_13' title="bbox 188 1300 2310 1426; baseline 0 -33"><span class='ocrx_word' id='word_1_93' title='bbox 188 1300 275 1426; x_wconf 55' lang='grc' dir='ltr'><strong>ἐξ)</strong></span> <span class='ocrx_word' id='word_1_94' title='bbox 425 1326 698 1413; x_wconf 89' lang='lat' dir='ltr'><strong>Verum,</strong></span> <span class='ocrx_word' id='word_1_95' title='bbox 766 1329 824 1393; x_wconf 93' lang='lat' dir='ltr'><strong>si</strong></span> <span class='ocrx_word' id='word_1_96' title='bbox 884 1350 1146 1394; x_wconf 89' lang='lat' dir='ltr'><strong>causam</strong></span> <span class='ocrx_word' id='word_1_97' title='bbox 1208 1327 1516 1414; x_wconf 78' lang='lat' dir='ltr'><strong>cognosci</strong></span> <span class='ocrx_word' id='word_1_98' title='bbox 1577 1348 1741 1411; x_wconf 90' lang='lat' dir='ltr'><strong>opus</strong></span> <span class='ocrx_word' id='word_1_99' title='bbox 1803 1328 1932 1410; x_wconf 88' lang='lat' dir='ltr'><strong>est,</strong></span> <span class='ocrx_word' id='word_1_100' title='bbox 1993 1348 2310 1412; x_wconf 77' lang='lat' dir='ltr'><strong>parumne</strong></span> 
     </span>
     <span class='ocr_line' id='line_1_14' title="bbox 293 1414 2310 1501; baseline -0 -20"><span class='ocrx_word' id='word_1_101' title='bbox 293 1415 559 1501; x_wconf 85' lang='lat' dir='ltr'><strong>cognita</strong></span> <span class='ocrx_word' id='word_1_102' title='bbox 595 1415 739 1481; x_wconf 75' lang='lat' dir='ltr'><strong>est?</strong></span> <span class='ocrx_word' id='word_1_103' title='bbox 811 1415 1336 1500; x_wconf 88' lang='lat' dir='ltr'><strong>Dissimulamus,</strong></span> <span class='ocrx_word' id='word_1_104' title='bbox 1379 1415 1712 1498; x_wconf 87' lang='lat' dir='ltr'><strong>Hortensi,</strong></span> <span class='ocrx_word' id='word_1_105' title='bbox 1759 1414 1932 1499; x_wconf 90' lang='lat' dir='ltr'><strong>quod</strong></span> <span class='ocrx_word' id='word_1_106' title='bbox 1967 1436 2161 1500; x_wconf 80' lang='lat' dir='ltr'><strong>saepe</strong></span> <span class='ocrx_word' id='word_1_107' title='bbox 2207 1437 2310 1481; x_wconf 92' lang='lat' dir='ltr'><strong>ex·</strong></span> 
     </span>
     <span class='ocr_line' id='line_1_15' title="bbox 289 1503 2307 1589; baseline 0 -23"><span class='ocrx_word' id='word_1_108' title='bbox 289 1503 463 1588; x_wconf 87' lang='lat' dir='ltr'><strong>perti</strong></span> <span class='ocrx_word' id='word_1_109' title='bbox 497 1503 568 1567; x_wconf 91' lang='lat' dir='ltr'><strong>in</strong></span> <span class='ocrx_word' id='word_1_110' title='bbox 603 1503 869 1568; x_wconf 90' lang='lat' dir='ltr'><strong>dicendo</strong></span> <span class='ocrx_word' id='word_1_111' title='bbox 908 1527 1148 1570; x_wconf 89' lang='lat' dir='ltr'><strong>sumus.</strong></span> <span class='ocrx_word' id='word_1_112' title='bbox 1219 1503 1380 1579; x_wconf 84' lang='lat' dir='ltr'><strong>Quis</strong></span> <span class='ocrx_word' id='word_1_113' title='bbox 1415 1523 1535 1568; x_wconf 88' lang='lat' dir='ltr'><strong>nos</strong></span> <span class='ocrx_word' id='word_1_114' title='bbox 1583 1524 1977 1589; x_wconf 80' lang='lat' dir='ltr'><strong>magnopere</strong></span> <span class='ocrx_word' id='word_1_115' title='bbox 2024 1504 2307 1569; x_wconf 90' lang='lat' dir='ltr'><strong>attendit</strong></span> 
     </span>
     <span class='ocr_line' id='line_1_16' title="bbox 289 1591 2386 1679; baseline -0.002 -24"><span class='ocrx_word' id='word_1_116' title='bbox 289 1612 601 1675; x_wconf 88' lang='lat' dir='ltr'><strong>umquam</strong></span> <span class='ocrx_word' id='word_1_117' title='bbox 635 1592 706 1656; x_wconf 91' lang='lat' dir='ltr'><strong>in</strong></span> <span class='ocrx_word' id='word_1_118' title='bbox 739 1592 864 1658; x_wconf 94' lang='lat' dir='ltr'><strong>hoc</strong></span> <span class='ocrx_word' id='word_1_119' title='bbox 910 1592 1168 1677; x_wconf 90' lang='lat' dir='ltr'><strong>quidem</strong></span> <span class='ocrx_word' id='word_1_120' title='bbox 1215 1613 1449 1679; x_wconf 85' lang='lat' dir='ltr'><strong>genere</strong></span> <span class='ocrx_word' id='word_1_121' title='bbox 1495 1612 1854 1674; x_wconf 84' lang='lat' dir='ltr'><strong>causarum,</strong></span> <span class='ocrx_word' id='word_1_122' title='bbox 1897 1592 2013 1656; x_wconf 88' lang='lat' dir='ltr'><strong>ubi</strong></span> <span class='ocrx_word' id='word_1_123' title='bbox 2057 1591 2306 1676; x_wconf 89' lang='lat' dir='ltr'><strong>aliquid</strong></span> <span class='ocrx_word' id='word_1_124' title='bbox 2335 1610 2386 1652; x_wconf 72' lang='grc' dir='ltr'><strong>ιο</strong></span> 
     </span>
     <span class='ocr_line' id='line_1_17' title="bbox 291 1679 2305 1765; baseline 0 -21"><span class='ocrx_word' id='word_1_125' title='bbox 291 1683 586 1764; x_wconf 89' lang='lat' dir='ltr'><strong>ereptum</strong></span> <span class='ocrx_word' id='word_1_126' title='bbox 642 1684 756 1745; x_wconf 89' lang='lat' dir='ltr'><strong>aut</strong></span> <span class='ocrx_word' id='word_1_127' title='bbox 805 1682 1100 1746; x_wconf 83' lang='lat' dir='ltr'><strong>ablatum</strong></span> <span class='ocrx_word' id='word_1_128' title='bbox 1147 1703 1187 1746; x_wconf 90' lang='lat' dir='ltr'><strong>a</strong></span> <span class='ocrx_word' id='word_1_129' title='bbox 1233 1680 1541 1765; x_wconf 89' lang='lat' dir='ltr'><strong>quopiam</strong></span> <span class='ocrx_word' id='word_1_130' title='bbox 1587 1679 1867 1744; x_wconf 73' lang='lat' dir='ltr'><strong>dicitur?</strong></span> <span class='ocrx_word' id='word_1_131' title='bbox 1928 1700 2146 1745; x_wconf 90' lang='lat' dir='ltr'><strong>nonne</strong></span> <span class='ocrx_word' id='word_1_132' title='bbox 2191 1683 2305 1744; x_wconf 88' lang='lat' dir='ltr'><strong>aut</strong></span> 
     </span>
     <span class='ocr_line' id='line_1_18' title="bbox 289 1766 2304 1852; baseline 0 -21"><span class='ocrx_word' id='word_1_133' title='bbox 289 1766 360 1831; x_wconf 90' lang='lat' dir='ltr'><strong>in</strong></span> <span class='ocrx_word' id='word_1_134' title='bbox 410 1768 656 1833; x_wconf 89' lang='lat' dir='ltr'><strong>tabulis</strong></span> <span class='ocrx_word' id='word_1_135' title='bbox 712 1772 827 1833; x_wconf 89' lang='lat' dir='ltr'><strong>aut</strong></span> <span class='ocrx_word' id='word_1_136' title='bbox 878 1770 949 1833; x_wconf 92' lang='lat' dir='ltr'><strong>in</strong></span> <span class='ocrx_word' id='word_1_137' title='bbox 1000 1769 1280 1834; x_wconf 89' lang='lat' dir='ltr'><strong>testibus</strong></span> <span class='ocrx_word' id='word_1_138' title='bbox 1336 1768 1548 1833; x_wconf 90' lang='lat' dir='ltr'><strong>omnis</strong></span> <span class='ocrx_word' id='word_1_139' title='bbox 1603 1767 1965 1852; x_wconf 82' lang='lat' dir='ltr'><strong>expectatio</strong></span> <span class='ocrx_word' id='word_1_140' title='bbox 2020 1767 2304 1834; x_wconf 88' lang='lat' dir='ltr'><strong>iudicum</strong></span> 
     </span>
     <span class='ocr_line' id='line_1_19' title="bbox 291 1854 2304 1941; baseline 0.001 -22"><span class='ocrx_word' id='word_1_141' title='bbox 291 1856 436 1919; x_wconf 84' lang='lat' dir='ltr'><strong>est‘?</strong></span> <span class='ocrx_word' id='word_1_142' title='bbox 534 1855 687 1920; x_wconf 85' lang='lat' dir='ltr'><strong>Dixi</strong></span> <span class='ocrx_word' id='word_1_143' title='bbox 740 1857 953 1941; x_wconf 87' lang='lat' dir='ltr'><strong>prima</strong></span> <span class='ocrx_word' id='word_1_144' title='bbox 1007 1857 1261 1922; x_wconf 88' lang='lat' dir='ltr'><strong>actione</strong></span> <span class='ocrx_word' id='word_1_145' title='bbox 1315 1878 1419 1921; x_wconf 89' lang='lat' dir='ltr'><strong>me</strong></span> <span class='ocrx_word' id='word_1_146' title='bbox 1473 1856 1744 1941; x_wconf 86' lang='lat' dir='ltr'><strong>planum</strong></span> <span class='ocrx_word' id='word_1_147' title='bbox 1792 1876 1931 1920; x_wconf 90' lang='lat' dir='ltr'><strong>esse</strong></span> <span class='ocrx_word' id='word_1_148' title='bbox 1976 1854 2304 1921; x_wconf 88' lang='lat' dir='ltr'><strong>facturum</strong></span> 
     </span>
     <span class='ocr_line' id='line_1_20' title="bbox 290 1940 2302 2032; baseline 0 -24"><span class='ocrx_word' id='word_1_149' title='bbox 290 1940 361 2008; x_wconf 83' lang='lat' dir='ltr'><strong>O.</strong></span> <span class='ocrx_word' id='word_1_150' title='bbox 377 1943 650 2010; x_wconf 88' lang='lat' dir='ltr'><strong>Verrem</strong></span> <span class='ocrx_word' id='word_1_151' title='bbox 684 1941 796 2010; x_wconf 81' lang='lat' dir='ltr'><strong>HS</strong></span> <span class='ocrx_word' id='word_1_152' title='bbox 828 1944 1409 2032; x_wconf 84' lang='lat' dir='ltr'><strong>quadringentiens</strong></span> <span class='ocrx_word' id='word_1_153' title='bbox 1446 1947 1675 2008; x_wconf 89' lang='lat' dir='ltr'><strong>contra</strong></span> <span class='ocrx_word' id='word_1_154' title='bbox 1710 1943 1891 2029; x_wconf 89' lang='lat' dir='ltr'><strong>leges</strong></span> <span class='ocrx_word' id='word_1_155' title='bbox 1934 1944 2302 2010; x_wconf 86' lang='lat' dir='ltr'><strong>abstulisse.</strong></span> 
     </span>
     <span class='ocr_line' id='line_1_21' title="bbox 290 2028 2395 2119; baseline -0.003 -22"><span class='ocrx_word' id='word_1_156' title='bbox 290 2028 501 2106; x_wconf 74' lang='lat' dir='ltr'><strong>Quid?</strong></span> <span class='ocrx_word' id='word_1_157' title='bbox 564 2034 689 2098; x_wconf 94' lang='lat' dir='ltr'><strong>hoc</strong></span> <span class='ocrx_word' id='word_1_158' title='bbox 732 2034 993 2118; x_wconf 84' lang='lat' dir='ltr'><strong>planius</strong></span> <span class='ocrx_word' id='word_1_159' title='bbox 1038 2034 1347 2119; x_wconf 86' lang='lat' dir='ltr'><strong>egissem,</strong></span> <span class='ocrx_word' id='word_1_160' title='bbox 1397 2032 1454 2098; x_wconf 92' lang='lat' dir='ltr'><strong>si</strong></span> <span class='ocrx_word' id='word_1_161' title='bbox 1497 2032 1595 2097; x_wconf 87' lang='lat' dir='ltr'><strong>ita</strong></span> <span class='ocrx_word' id='word_1_162' title='bbox 1637 2032 2080 2097; x_wconf 74' lang='lat' dir='ltr'><strong>narrassem?:</strong></span> <span class='ocrx_word' id='word_1_163' title='bbox 2149 2031 2301 2097; x_wconf 77' lang='lat' dir='ltr'><strong>‘Dio</strong></span> <span class='ocrx_word' id='word_1_164' title='bbox 2331 2050 2395 2091; x_wconf 77' lang='lat' dir='ltr'><strong>so.</strong></span> 
     </span>
     <span class='ocr_line' id='line_1_22' title="bbox 290 2119 2299 2205; baseline 0 -21"><span class='ocrx_word' id='word_1_165' title='bbox 290 2120 554 2203; x_wconf 89' lang='lat' dir='ltr'><strong>quidam</strong></span> <span class='ocrx_word' id='word_1_166' title='bbox 601 2121 730 2185; x_wconf 84' lang='lat' dir='ltr'><strong>fuit</strong></span> <span class='ocrx_word' id='word_1_167' title='bbox 773 2120 1191 2205; x_wconf 87' lang='lat' dir='ltr'><strong>Halaesinus,</strong></span> <span class='ocrx_word' id='word_1_168' title='bbox 1243 2121 1386 2205; x_wconf 88' lang='lat' dir='ltr'><strong>qui,</strong></span> <span class='ocrx_word' id='word_1_169' title='bbox 1440 2126 1585 2185; x_wconf 89' lang='lat' dir='ltr'><strong>cum</strong></span> <span class='ocrx_word' id='word_1_170' title='bbox 1632 2120 1770 2185; x_wconf 89' lang='lat' dir='ltr'><strong>eius</strong></span> <span class='ocrx_word' id='word_1_171' title='bbox 1815 2119 1952 2184; x_wconf 87' lang='lat' dir='ltr'><strong>filio</strong></span> <span class='ocrx_word' id='word_1_172' title='bbox 1995 2122 2299 2204; x_wconf 89' lang='lat' dir='ltr'><strong>praetore</strong></span> 
     </span>
     <span class='ocr_line' id='line_1_23' title="bbox 279 2204 2302 2296; baseline 0 -24"><span class='ocrx_word' id='word_1_173' title='bbox 279 2204 361 2296; x_wconf 82' lang='lat' dir='ltr'><strong>C.</strong></span> <span class='ocrx_word' id='word_1_174' title='bbox 380 2206 728 2273; x_wconf 83' lang='lat' dir='ltr'><strong>Sacerdote</strong></span> <span class='ocrx_word' id='word_1_175' title='bbox 761 2209 1089 2273; x_wconf 87' lang='lat' dir='ltr'><strong>hereditas</strong></span> <span class='ocrx_word' id='word_1_176' title='bbox 1126 2231 1167 2274; x_wconf 87' lang='lat' dir='ltr'><strong>a</strong></span> <span class='ocrx_word' id='word_1_177' title='bbox 1201 2208 1566 2293; x_wconf 87' lang='lat' dir='ltr'><strong>propinquo</strong></span> <span class='ocrx_word' id='word_1_178' title='bbox 1603 2228 1963 2294; x_wconf 90' lang='lat' dir='ltr'><strong>permagna</strong></span> <span class='ocrx_word' id='word_1_179' title='bbox 1996 2206 2302 2290; x_wconf 86' lang='lat' dir='ltr'><strong>venisset,</strong></span> 
     </span>
     <span class='ocr_line' id='line_1_24' title="bbox 286 2294 2300 2382; baseline 0.001 -23"><span class='ocrx_word' id='word_1_180' title='bbox 286 2294 454 2359; x_wconf 89' lang='lat' dir='ltr'><strong>nihil</strong></span> <span class='ocrx_word' id='word_1_181' title='bbox 505 2295 739 2359; x_wconf 88' lang='lat' dir='ltr'><strong>habuit</strong></span> <span class='ocrx_word' id='word_1_182' title='bbox 791 2298 933 2360; x_wconf 90' lang='lat' dir='ltr'><strong>tum</strong></span> <span class='ocrx_word' id='word_1_183' title='bbox 987 2317 1193 2380; x_wconf 89' lang='lat' dir='ltr'><strong>neque</strong></span> <span class='ocrx_word' id='word_1_184' title='bbox 1244 2296 1496 2382; x_wconf 88' lang='lat' dir='ltr'><strong>negotii</strong></span> <span class='ocrx_word' id='word_1_185' title='bbox 1547 2317 1756 2380; x_wconf 89' lang='lat' dir='ltr'><strong>neque</strong></span> <span class='ocrx_word' id='word_1_186' title='bbox 1787 2296 2300 2361; x_wconf 80' lang='lat' dir='ltr'><strong>controversiae.</strong></span> 
     </span>
     <span class='ocr_line' id='line_1_25' title="bbox 288 2380 2303 2470; baseline 0.001 -24"><span class='ocrx_word' id='word_1_187' title='bbox 288 2380 528 2446; x_wconf 87' lang='lat' dir='ltr'><strong>Verres</strong></span> <span class='ocrx_word' id='word_1_188' title='bbox 585 2382 779 2446; x_wconf 91' lang='lat' dir='ltr'><strong>simul</strong></span> <span class='ocrx_word' id='word_1_189' title='bbox 834 2406 910 2448; x_wconf 89' lang='lat' dir='ltr'><strong>ac</strong></span> <span class='ocrx_word' id='word_1_190' title='bbox 961 2384 1186 2470; x_wconf 84' lang='lat' dir='ltr'><strong>tetigit</strong></span> <span class='ocrx_word' id='word_1_191' title='bbox 1239 2383 1672 2469; x_wconf 83' lang='lat' dir='ltr'><strong>provinciam,</strong></span> <span class='ocrx_word' id='word_1_192' title='bbox 1725 2384 1955 2449; x_wconf 88' lang='lat' dir='ltr'><strong>statim</strong></span> <span class='ocrx_word' id='word_1_193' title='bbox 1997 2383 2303 2449; x_wconf 84' lang='lat' dir='ltr'><strong>Messana</strong></span> 
     </span>
     <span class='ocr_line' id='line_1_26' title="bbox 286 2467 2383 2556; baseline 0.003 -24"><span class='ocrx_word' id='word_1_194' title='bbox 286 2467 545 2534; x_wconf 88' lang='lat' dir='ltr'><strong>litteras</strong></span> <span class='ocrx_word' id='word_1_195' title='bbox 584 2469 775 2555; x_wconf 91' lang='lat' dir='ltr'><strong>dedit,</strong></span> <span class='ocrx_word' id='word_1_196' title='bbox 820 2471 1097 2538; x_wconf 89' lang='lat' dir='ltr'><strong>Dionem</strong></span> <span class='ocrx_word' id='word_1_197' title='bbox 1134 2473 1446 2556; x_wconf 83' lang='lat' dir='ltr'><strong>evocavit,</strong></span> <span class='ocrx_word' id='word_1_198' title='bbox 1490 2472 1994 2538; x_wconf 84' lang='lat' dir='ltr'><strong>calumniatores</strong></span> <span class='ocrx_word' id='word_1_199' title='bbox 2032 2493 2108 2539; x_wconf 87' lang='lat' dir='ltr'><strong>ex</strong></span> <span class='ocrx_word' id='word_1_200' title='bbox 2156 2473 2302 2538; x_wconf 92' lang='lat' dir='ltr'><strong>sinu</strong></span> <span class='ocrx_word' id='word_1_201' title='bbox 2331 2487 2383 2530; x_wconf 74' lang='lat'><strong>²⁸</strong></span> 
     </span>
     <span class='ocr_line' id='line_1_27' title="bbox 287 2559 2302 2645; baseline 0.002 -24"><span class='ocrx_word' id='word_1_202' title='bbox 287 2577 406 2622; x_wconf 90' lang='lat' dir='ltr'><strong>suo</strong></span> <span class='ocrx_word' id='word_1_203' title='bbox 462 2559 790 2645; x_wconf 85' lang='lat' dir='ltr'><strong>apposuit,</strong></span> <span class='ocrx_word' id='word_1_204' title='bbox 845 2561 956 2644; x_wconf 88' lang='lat' dir='ltr'><strong>qui</strong></span> <span class='ocrx_word' id='word_1_205' title='bbox 999 2561 1184 2625; x_wconf 91' lang='lat' dir='ltr'><strong>illam</strong></span> <span class='ocrx_word' id='word_1_206' title='bbox 1229 2560 1658 2626; x_wconf 88' lang='lat' dir='ltr'><strong>hereditatem</strong></span> <span class='ocrx_word' id='word_1_207' title='bbox 1694 2559 1934 2625; x_wconf 91' lang='lat' dir='ltr'><strong>Veneri</strong></span> <span class='ocrx_word' id='word_1_208' title='bbox 1977 2559 2302 2645; x_wconf 81' lang='lat' dir='ltr'><strong>Erycinae</strong></span> 
     </span>
     <span class='ocr_line' id='line_1_28' title="bbox 287 2646 2301 2763; baseline 0 -51"><span class='ocrx_word' id='word_1_209' title='bbox 287 2646 700 2747; x_wconf 79' lang='lat' dir='ltr'><strong>commissam</strong></span> <span class='ocrx_word' id='word_1_210' title='bbox 718 2668 878 2763; x_wconf 60' lang='lat' dir='ltr'><strong>‚esse</strong></span> <span class='ocrx_word' id='word_1_211' title='bbox 915 2648 1227 2733; x_wconf 83' lang='lat' dir='ltr'><strong>dicerent3</strong></span> <span class='ocrx_word' id='word_1_212' title='bbox 1272 2650 1398 2714; x_wconf 91' lang='lat' dir='ltr'><strong>hac</strong></span> <span class='ocrx_word' id='word_1_213' title='bbox 1433 2648 1512 2713; x_wconf 93' lang='lat' dir='ltr'><strong>de</strong></span> <span class='ocrx_word' id='word_1_214' title='bbox 1547 2669 1618 2712; x_wconf 90' lang='lat' dir='ltr'><strong>re</strong></span> <span class='ocrx_word' id='word_1_215' title='bbox 1654 2648 1943 2714; x_wconf 89' lang='lat' dir='ltr'><strong>ostendit</strong></span> <span class='ocrx_word' id='word_1_216' title='bbox 1978 2670 2049 2714; x_wconf 88' lang='lat' dir='ltr'><strong>se</strong></span> <span class='ocrx_word' id='word_1_217' title='bbox 2085 2649 2301 2734; x_wconf 88' lang='lat' dir='ltr'><strong>ipsum</strong></span> 
     </span>
     <span class='ocr_line' id='line_1_29' title="bbox 181 2736 2304 2909; baseline 0.001 -23"><span class='ocrx_word' id='word_1_218' title='bbox 181 2755 250 2805; x_wconf 74' lang='lat'><strong>²⁸</strong></span> <span class='ocrx_word' id='word_1_219' title='bbox 286 2736 1143 2890; x_wconf 57' lang='lat' dir='ltr'><strong>azffissuffimffffld</strong></span> <span class='ocrx_word' id='word_1_220' title='bbox 1153 2737 1722 2909; x_wconf 57' lang='lat'><strong>521332102033’331?</strong></span> <span class='ocrx_word' id='word_1_221' title='bbox 1739 2758 1950 2890; x_wconf 51' lang='lat'><strong>5330</strong></span> <span class='ocrx_word' id='word_1_222' title='bbox 1958 2738 2304 2907; x_wconf 54' lang='lat' dir='ltr'><strong>:sm</strong></span> 
     </span>
     <span class='ocr_line' id='line_1_30' title="bbox 284 2908 2382 2996; baseline 0.001 -22"><span class='ocrx_word' id='word_1_223' title='bbox 284 2908 396 2974; x_wconf 84' lang='lat' dir='ltr'><strong>HS</strong></span> <span class='ocrx_word' id='word_1_224' title='bbox 444 2911 696 2977; x_wconf 89' lang='lat' dir='ltr'><strong>deciens</strong></span> <span class='ocrx_word' id='word_1_225' title='bbox 744 2917 1016 2978; x_wconf 89' lang='lat' dir='ltr'><strong>centena</strong></span> <span class='ocrx_word' id='word_1_226' title='bbox 1059 2912 1245 2978; x_wconf 84' lang='lat' dir='ltr'><strong>milia</strong></span> <span class='ocrx_word' id='word_1_227' title='bbox 1288 2934 1690 2996; x_wconf 90' lang='lat' dir='ltr'><strong>numerasse,</strong></span> <span class='ocrx_word' id='word_1_228' title='bbox 1735 2916 1809 2978; x_wconf 91' lang='lat' dir='ltr'><strong>ut</strong></span> <span class='ocrx_word' id='word_1_229' title='bbox 1855 2933 2117 2978; x_wconf 88' lang='lat' dir='ltr'><strong>causam</strong></span> <span class='ocrx_word' id='word_1_230' title='bbox 2165 2933 2301 2978; x_wconf 84' lang='lat' dir='ltr'><strong>cer·</strong></span> <span class='ocrx_word' id='word_1_231' title='bbox 2328 2928 2382 2970; x_wconf 76' lang='lat'><strong>⁸⁰</strong></span> 
     </span>
     <span class='ocr_line' id='line_1_31' title="bbox 284 2997 2300 3087; baseline 0.001 -26"><span class='ocrx_word' id='word_1_232' title='bbox 284 2997 608 3064; x_wconf 89' lang='lat' dir='ltr'><strong>tissimam</strong></span> <span class='ocrx_word' id='word_1_233' title='bbox 673 3001 1022 3085; x_wconf 88' lang='lat' dir='ltr'><strong>obtineret,</strong></span> <span class='ocrx_word' id='word_1_234' title='bbox 1086 3004 1425 3085; x_wconf 88' lang='lat' dir='ltr'><strong>praeterea</strong></span> <span class='ocrx_word' id='word_1_235' title='bbox 1489 3021 1722 3087; x_wconf 90' lang='lat' dir='ltr'><strong>greges</strong></span> <span class='ocrx_word' id='word_1_236' title='bbox 1787 3022 2096 3085; x_wconf 87' lang='lat' dir='ltr'><strong>equarum</strong></span> <span class='ocrx_word' id='word_1_237' title='bbox 2162 3000 2300 3065; x_wconf 90' lang='lat' dir='ltr'><strong>eius</strong></span> 
     </span>
     <span class='ocr_line' id='line_1_32' title="bbox 283 3084 2303 3175; baseline 0.001 -26"><span class='ocrx_word' id='word_1_238' title='bbox 283 3084 484 3151; x_wconf 88' lang='lat' dir='ltr'><strong>istum</strong></span> <span class='ocrx_word' id='word_1_239' title='bbox 513 3087 868 3175; x_wconf 87' lang='lat' dir='ltr'><strong>abigendos</strong></span> <span class='ocrx_word' id='word_1_240' title='bbox 897 3110 1174 3172; x_wconf 89' lang='lat' dir='ltr'><strong>curasse,</strong></span> <span class='ocrx_word' id='word_1_241' title='bbox 1211 3089 1488 3175; x_wconf 89' lang='lat' dir='ltr'><strong>argenti,</strong></span> <span class='ocrx_word' id='word_1_242' title='bbox 1524 3089 1726 3154; x_wconf 80' lang='lat' dir='ltr'><strong>vestis</strong></span> <span class='ocrx_word' id='word_1_243' title='bbox 1755 3091 2090 3175; x_wconf 90' lang='lat' dir='ltr'><strong>stragulae</strong></span> <span class='ocrx_word' id='word_1_244' title='bbox 2128 3088 2303 3172; x_wconf 90' lang='lat' dir='ltr'><strong>quod</strong></span> 
     </span>
     <span class='ocr_line' id='line_1_33' title="bbox 281 3171 2303 3263; baseline 0.001 -25"><span class='ocrx_word' id='word_1_245' title='bbox 281 3171 505 3260; x_wconf 79' lang='lat' dir='ltr'><strong>fuerit,</strong></span> <span class='ocrx_word' id='word_1_246' title='bbox 552 3197 812 3242; x_wconf 89' lang='lat' dir='ltr'><strong>curasse</strong></span> <span class='ocrx_word' id='word_1_247' title='bbox 855 3176 1293 3242; x_wconf 89' lang='lat' dir='ltr'><strong>auferendum.</strong></span> <span class='ocrx_word' id='word_1_248' title='bbox 1373 3176 1553 3242; x_wconf 90' lang='lat' dir='ltr'><strong>Haec</strong></span> <span class='ocrx_word' id='word_1_249' title='bbox 1594 3198 1804 3261; x_wconf 88' lang='lat' dir='ltr'><strong>neque</strong></span> <span class='ocrx_word' id='word_1_250' title='bbox 1847 3198 1993 3242; x_wconf 89' lang='lat' dir='ltr'><strong>cum</strong></span> <span class='ocrx_word' id='word_1_251' title='bbox 2040 3197 2163 3263; x_wconf 90' lang='lat' dir='ltr'><strong>ego</strong></span> <span class='ocrx_word' id='word_1_252' title='bbox 2210 3176 2303 3240; x_wconf 92' lang='lat' dir='ltr'><strong>di-</strong></span> 
     </span>
     <span class='ocr_line' id='line_1_34' title="bbox 281 3264 2303 3352; baseline 0.001 -25"><span class='ocrx_word' id='word_1_253' title='bbox 281 3282 490 3327; x_wconf 89' lang='lat' dir='ltr'><strong>cerem</strong></span> <span class='ocrx_word' id='word_1_254' title='bbox 529 3284 739 3349; x_wconf 90' lang='lat' dir='ltr'><strong>neque</strong></span> <span class='ocrx_word' id='word_1_255' title='bbox 785 3287 932 3330; x_wconf 90' lang='lat' dir='ltr'><strong>cum</strong></span> <span class='ocrx_word' id='word_1_256' title='bbox 977 3270 1052 3330; x_wconf 92' lang='lat' dir='ltr'><strong>tu</strong></span> <span class='ocrx_word' id='word_1_257' title='bbox 1096 3286 1373 3352; x_wconf 90' lang='lat' dir='ltr'><strong>negares</strong></span> <span class='ocrx_word' id='word_1_258' title='bbox 1382 3316 1400 3350; x_wconf 90' lang='lat'><strong>,</strong></span> <span class='ocrx_word' id='word_1_259' title='bbox 1446 3265 1670 3351; x_wconf 88' lang='lat' dir='ltr'><strong>magni</strong></span> <span class='ocrx_word' id='word_1_260' title='bbox 1715 3264 2027 3331; x_wconf 90' lang='lat' dir='ltr'><strong>momenti</strong></span> <span class='ocrx_word' id='word_1_261' title='bbox 2071 3267 2303 3329; x_wconf 86' lang='lat' dir='ltr'><strong>nostra</strong></span> 
     </span>
     <span class='ocr_line' id='line_1_35' title="bbox 281 3351 2384 3440; baseline -0 -29"><span class='ocrx_word' id='word_1_262' title='bbox 281 3353 454 3413; x_wconf 89' lang='lat' dir='ltr'><strong>esset</strong></span> <span class='ocrx_word' id='word_1_263' title='bbox 491 3354 719 3420; x_wconf 85' lang='lat' dir='ltr'><strong>oratio.</strong></span> <span class='ocrx_word' id='word_1_264' title='bbox 792 3351 933 3429; x_wconf 82' lang='lat' dir='ltr'><strong>Quo</strong></span> <span class='ocrx_word' id='word_1_265' title='bbox 970 3358 1263 3438; x_wconf 83' lang='lat' dir='ltr'><strong>tempore</strong></span> <span class='ocrx_word' id='word_1_266' title='bbox 1299 3353 1503 3440; x_wconf 87' lang='lat' dir='ltr'><strong>igitur</strong></span> <span class='ocrx_word' id='word_1_267' title='bbox 1549 3374 1735 3418; x_wconf 88' lang='lat' dir='ltr'><strong>aures</strong></span> <span class='ocrx_word' id='word_1_268' title='bbox 1781 3352 1972 3419; x_wconf 84' lang='lat' dir='ltr'><strong>iudex</strong></span> <span class='ocrx_word' id='word_1_269' title='bbox 2018 3352 2304 3438; x_wconf 91' lang='lat' dir='ltr'><strong>erigeret</strong></span> <span class='ocrx_word' id='word_1_270' title='bbox 2332 3367 2384 3410; x_wconf 70' lang='grc' dir='ltr'><strong>οε</strong></span> 
     </span>
     <span class='ocr_line' id='line_1_36' title="bbox 280 3435 2302 3526; baseline 0.003 -29"><span class='ocrx_word' id='word_1_271' title='bbox 280 3435 693 3522; x_wconf 88' lang='lat' dir='ltr'><strong>animumque</strong></span> <span class='ocrx_word' id='word_1_272' title='bbox 740 3442 1149 3507; x_wconf 74' lang='lat' dir='ltr'><strong>attenderet?</strong></span> <span class='ocrx_word' id='word_1_273' title='bbox 1232 3439 1396 3507; x_wconf 84' lang='lat' dir='ltr'><strong>Cum</strong></span> <span class='ocrx_word' id='word_1_274' title='bbox 1438 3441 1563 3506; x_wconf 94' lang='lat' dir='ltr'><strong>Dio</strong></span> <span class='ocrx_word' id='word_1_275' title='bbox 1610 3442 1751 3526; x_wconf 89' lang='lat' dir='ltr'><strong>ipse</strong></span> <span class='ocrx_word' id='word_1_276' title='bbox 1796 3440 2107 3526; x_wconf 89' lang='lat' dir='ltr'><strong>prodiret,</strong></span> <span class='ocrx_word' id='word_1_277' title='bbox 2154 3461 2302 3507; x_wconf 90' lang='lat' dir='ltr'><strong>cum</strong></span> 
     </span>
     <span class='ocr_line' id='line_1_37' title="bbox 276 3523 2306 3615; baseline 0.002 -29"><span class='ocrx_word' id='word_1_278' title='bbox 276 3523 495 3609; x_wconf 89' lang='lat' dir='ltr'><strong>ceteri,</strong></span> <span class='ocrx_word' id='word_1_279' title='bbox 542 3528 653 3609; x_wconf 88' lang='lat' dir='ltr'><strong>qui</strong></span> <span class='ocrx_word' id='word_1_280' title='bbox 688 3531 831 3593; x_wconf 89' lang='lat' dir='ltr'><strong>tum</strong></span> <span class='ocrx_word' id='word_1_281' title='bbox 864 3530 936 3594; x_wconf 89' lang='lat' dir='ltr'><strong>in</strong></span> <span class='ocrx_word' id='word_1_282' title='bbox 970 3528 1193 3595; x_wconf 87' lang='lat' dir='ltr'><strong>Sicilia</strong></span> <span class='ocrx_word' id='word_1_283' title='bbox 1228 3529 1512 3615; x_wconf 84' lang='lat' dir='ltr'><strong>negotiis</strong></span> <span class='ocrx_word' id='word_1_284' title='bbox 1550 3528 1784 3594; x_wconf 88' lang='lat' dir='ltr'><strong>Dionis</strong></span> <span class='ocrx_word' id='word_1_285' title='bbox 1830 3528 2306 3611; x_wconf 84' lang='lat' dir='ltr'><strong>interfuissent,</strong></span> 
     </span>
    </p>
   </div>
  </div>
 </body>
</html>
