2566 4016
244 216 374 281 268
842 213 917 268 IN
961 214 1020 269 C.
1046 213 1359 268 VERREM
1396 213 1552 269 ACT.
1590 213 1657 267 H.

243 361 618 425 tabularum
650 363 847 444 atque
882 358 1160 444 insignis
1176 357 1535 441 turpitudo
1571 359 1923 439 teneretur,
1959 376 2274 439 quaerere

243 447 588 532 incipimus
644 447 723 512 de
768 446 1146 530 Canpinatio
1156 492 1174 530 ,
1229 445 1531 530 quisnam
1582 444 1641 509 is
1688 448 1862 509 esset
1896 441 2271 527 Verrucius5

245 535 515 621 quicum,
562 539 793 600 tantae
850 534 1161 620 pecuniae
1214 534 1538 599 rationem
1592 532 1881 597 haberet.
1980 531 2296 596 Haerere·

244 624 461 708 homo,
506 622 770 708 versari,
814 623 1064 689 rubere.
1138 621 1324 698 Quod
1361 623 1508 708 lege
1550 621 1957 707 excipiuntur
1975 642 1981 653 ᾇ
2001 621 2271 684 tabulae

243 712 759 798 publicanorum,
807 732 934 795 quo
976 710 1197 776 minus
1227 709 1509 774 Romam
1557 710 1996 794 deportentur,
2043 711 2120 772 ut
2162 725 2330 773 res³5

247 822 443 883 quam
488 799 768 864 maxime
812 799 1000 864 clara
1037 802 1104 863 et
1147 801 1395 863 testata
1440 818 1580 862 esse
1626 800 1877 882 posset,
1922 796 1993 860 in
2036 795 2138 860 ius
2188 796 2273 860 ad

245 887 585 952 Metellum¹
631 884 1082 971 Carpinatium
1146 907 1307 952 voco
1362 886 1753 968 tabulasque
1810 883 2145 950 societatis
2199 884 2273 949 in

243 973 465 1040 forum
516 974 751 1039 defero.
839 973 949 1039 Fit
1000 974 1322 1039 maximus
1369 994 1719 1039 concursus
1766 972 2130 1056 hominum,
2186 976 2273 1055 et,

249 1062 422 1146 quod
480 1066 622 1128 erat
668 1061 1010 1147 Carpinati
1062 1067 1222 1127 nota
1271 1084 1419 1127 cum
1463 1062 1594 1126 isto
1638 1064 1941 1145 praetore
1988 1061 2270 1126 societas

144 1198 224 1261 ,Π
248 1172 324 1216 ac
357 1150 737 1235 faeneratiO,
781 1172 1035 1215 summe
1080 1152 1513 1234 expectabant
1558 1153 1801 1231 omn‘eS,
1846 1148 2155 1232 quidnam
2200 1149 2273 1213 in
2304 1167 2359 1208 ιο

145 1276 246 1325 188
283 1239 529 1304 tabulis
576 1242 923 1304 teneretur.
1010 1238 1174 1303 Rem
1222 1238 1306 1303 ad
1347 1237 1687 1303 Metellum
1734 1236 1981 1320 defero,
2025 1258 2130 1302 me
2173 1241 2277 1301 ta-

247 1327 438 1392 bulas
500 1327 908 1411 perspexisse
963 1327 1314 1410 sociorum13
1375 1327 1446 1391 in
1498 1326 1603 1390 his
1660 1325 1906 1390 tabulis
1960 1345 2273 1411 magnam

246 1415 569 1479 rationem
607 1411 677 1478 C.
703 1411 978 1478 Verruci
1020 1414 1365 1497 permultis
1409 1413 1790 1479 nominibus
1832 1433 1992 1496 esse,
2037 1434 2272 1497 meque

246 1501 371 1566 hoc
396 1501 769 1584 perspicere.
789 1523 866 1565 ex
908 1501 1246 1566 consulum
1286 1522 1752 1584 mensuumque
1787 1500 2061 1586 ratione,
2096 1501 2272 1565 hunc

247 1588 632 1654 Verrucium
665 1609 876 1672 neque
913 1592 1066 1653 ante
1103 1589 1454 1654 adventum
1490 1587 1561 1654 C.
1587 1587 1814 1654 Verris
1859 1611 2069 1673 neque
2113 1593 2272 1674 post
2303 1606 2358 1648 15

249 1675 682 1742 decessionem
756 1677 1100 1761 quicquam
1164 1696 1314 1742 cum
1376 1676 1754 1760 Carpinatio
1818 1677 2095 1742 rationis
2156 1676 2273 1745 ha·

246 1764 494 1848 buisse3
547 1766 840 1850 postulo,
893 1769 969 1830 ut
1021 1764 1184 1830 mihi
1236 1766 1654 1850 respondeat,
1708 1765 1821 1850 qui
1875 1765 1968 1830 sit
2018 1765 2076 1828 is
2109 1762 2274 1829 Ver-

247 1853 483 1937 rucius,
519 1856 859 1918 mercator·
881 1874 967 1918 an
996 1854 1372 1940 negotiator
1408 1872 1494 1918 an
1530 1856 1753 1918 arator
1790 1875 1875 1918 an
1909 1853 2272 1938 pecuariuS,

126 1961 149 1982 ⁶
247 1941 317 2005 in
362 1939 586 2006 Sicilia
639 1942 737 2006 sit·
783 1963 868 2006 an
919 1942 1054 2007 iam
1107 1941 1472 2007 decesserit.
1554 1939 1862 2006 Clamare
1910 1960 2135 2006 omnes
2192 1961 2274 2005 ex

249 2035 570 2095 conventu
595 2031 919 2097 neminem
945 2052 1254 2114 umquam
1282 2032 1355 2095 in
1389 2028 1610 2095 Sicilia
1644 2030 1847 2095 fuisse
1864 2028 2271 2095 Verrucium.
2302 2048 2358 2089 20

247 2117 394 2202 Ego
431 2119 696 2202 instare,
739 2123 817 2183 ut
851 2118 1015 2183 mihi
1050 2118 1490 2204 responderet,
1535 2118 1648 2201 qui
1685 2121 1882 2201 esset,
1918 2118 2034 2183 ubi
2078 2122 2274 2201 esset,

249 2206 419 2270 unde
483 2210 684 2289 esset3
745 2227 859 2270 cur
922 2226 1148 2270 servus
1213 2206 1573 2289 societatiS‚
1639 2206 1750 2290 qui
1804 2205 2074 2270 tabulas
2124 2224 2274 2270 con-

248 2293 485 2374 ficeret,
534 2313 788 2376 semper
832 2292 903 2355 in
928 2291 1204 2357 Verruci
1246 2293 1510 2357 nomine
1556 2297 1734 2358 certo
1781 2314 1858 2357 ex
1904 2293 2047 2359 loco
2096 2313 2274 2357 men-

148 2391 252 2440 189
290 2380 486 2443 dosus
532 2382 721 2443 esset.
810 2378 1030 2465 Atque
1074 2380 1202 2446 hoc
1242 2381 1679 2465 postulabam,
1726 2403 1861 2446 non
1905 2402 2034 2465 quo
2079 2381 2277 2446 illum

250 2466 398 2550 cogi
432 2470 730 2551 putarem
768 2468 1102 2552 oportere,'
1131 2471 1207 2533 ut
1252 2468 1334 2533 ad
1381 2490 1460 2535 ea
1502 2470 1666 2533 mihi
1709 2468 2132 2554 responderet
2175 2469 2272 2533 in-
2302 2486 2356 2528 25

249 2555 451 2638 vituS,
516 2554 629 2619 sed
689 2558 765 2619 ut
824 2556 1135 2622 omnibus·
1179 2555 1371 2621 istius
1424 2556 1629 2640 hirta,
1690 2557 1872 2622 illius
1925 2556 2274 2643 flagitium,

248 2642 586 2727 utriusque
624 2643 893 2708 audacia
927 2643 1269 2729 perspicua
1305 2664 1460 2709 esse*
1490 2648 1732 2729 posset.
1802 2644 2035 2729 Itaque
2078 2645 2273 2711 illum

249 2730 318 2795 in
351 2730 490 2796 iure
537 2735 717 2796 metu
762 2731 1283 2816 conscientiaque
1327 2733 1579 2815 peccati
1623 2736 1879 2797 mutum
1924 2736 2122 2818 atque
2167 2754 2275 2798 ex-

251 2819 610 2885 animatum
675 2841 750 2885 ac
812 2818 922 2883 vix
985 2820 1208 2885 vivum
1270 2819 1595 2904 relinquo,
1665 2820 1928 2885 tabulas
1991 2820 2062 2884 in
2121 2819 2272 2885 foro

252 2929 507 2973 summa
558 2908 896 2974 hominum
950 2907 1319 2991 frequentia
1372 2908 1692 2992 exscrib03
1757 2907 2147 2973 adhibentur
2200 2908 2274 2974 in
2302 2925 2360 2966 ³0

252 2996 589 3062 scribendo
663 3018 741 3061 ex
813 2999 1135 3061 conventu
1195 2995 1330 3061 viri
1391 2996 1715 3080 primarii,
1786 2995 2047 3060 litterae
2113 2996 2273 3061 litu-

250 3106 488 3168 raeque
543 3105 779 3149 omnes-
821 3083 1243 3148 assimulatae
1288 3085 1355 3146 et
1398 3105 1741 3169 expressae
1786 3083 1872 3149 de
1906 3083 2154 3154 tabulis
2198 3084 2274 3149 in

148 3180 251 3231 190
287 3172 494 3236 libros
521 3170 1016 3236 transferuntur.
1079 3170 1259 3236 Haec
1287 3171 1507 3249 omnia
1543 3191 1798 3236 summa
1833 3193 1989 3237 cura
2025 3175 2092 3237 et
2128 3171 2275 3235 dili-

253 3260 477 3344 gentia
537 3259 876 3344 recognita
938 3263 1005 3324 et
1066 3260 1308 3324 collata
1370 3263 1438 3324 et
1500 3260 1583 3324 ab
1646 3260 2028 3325 hominibus
2073 3260 2274 3325 hone·

252 3346 559 3410 stissimis
623 3346 972 3432 obsignata
1036 3350 1205 3411 sunt.
1304 3345 1376 3412 Si
1428 3345 1845 3432 Carpinatius
1910 3348 2074 3413 mihi
2125 3351 2274 3413 tum
2303 3365 2359 3406 ⁸⁵

250 3432 639 3513 respondere
700 3434 941 3517 noluit,
1009 3435 1327 3520 responde
1390 3439 1464 3499 tu
1527 3436 1690 3500 mihi
1751 3457 1950 3519 nunc,
2009 3433 2275 3520 Verres,

254 3537 444 3598 quem
474 3537 615 3582 esse
640 3519 812 3584 hunc
843 3524 1032 3585 tuum
1067 3544 1271 3606 paene
1311 3523 1624 3608 gentilem
1641 3522 2024 3611 Verrucium
2060 3525 2274 3607 putes.
