2566 4016
253 201 386 266 344
852 198 933 253 m
970 197 1028 253 O.
1054 197 1367 253 VERREM
1403 196 1564 252 ACT.
1602 197 1673 252 II.

255 345 418 410 mihi
447 344 549 429 da,
583 344 869 428 inquam,
904 364 983 407 ex
1009 342 1144 407 illis
1174 341 1563 426 aratoribus,
1600 341 1713 425 qui
1740 341 1865 405 tibi
1904 341 1988 407 ad
2023 346 2284 408 statuas

254 433 562 518 pecunias
625 432 1066 514 contulerunt,
1131 430 1243 514 qui
1306 429 1435 495 sibi
1489 429 1663 495 dicat
1716 451 1907 494 omne
1964 451 2104 495 esse
2158 453 2285 516 pro

255 522 599 604 frumento,
626 519 800 604 quod
837 518 1220 602 oportuerit,
1256 519 1566 583 solutum.
1630 515 1979 603 Confirmo,
2017 519 2285 605 iudices,
2345 578 2350 585 ,

255 609 582 674 neminem
629 628 768 673 esse
814 607 1154 671 dicturum.

153 669 254 797 ’17881
391 696 495 763 Ex
522 696 699 761 omni
725 694 1014 779 pecunia,
1053 714 1246 778 quam
1285 694 1653 759 aratoribus
1692 693 1943 759 solvere
1980 695 2285 780 debuisti,
2312 714 2347 756 ⁵

261 786 454 850 certis
512 783 883 848 nominibus
940 782 1355 848 deductiones
1409 782 1552 846 fieri
1607 782 1934 866 solebant,
1996 784 2286 868 primum

259 896 380 958 pro
445 871 845 957 spectatione
907 874 977 935 et
1038 870 1324 954 collybo,
1393 868 1620 935 deinde
1683 892 1804 955 pro
1867 871 2087 936 nescio
2155 893 2284 955 quo

260 960 525 1026 cerario.
597 957 778 1024 Haec
807 958 1043 1043 omnia,
1079 958 1339 1041 iudices,
1374 979 1509 1023 non
1535 979 1754 1022 rerum
1792 962 2133 1042 certarum,
2170 960 2288 1024 sed

258 1048 584 1114 furtorum
611 1047 1247 1131 improbissimorum
1274 1049 1431 1110 sunt
1465 1047 1802 1111 vocabula.
1876 1045 2050 1111 Nam
2086 1048 2287 1131 colly-

261 1137 384 1202 bus
439 1157 581 1201 esse
637 1136 748 1219 qui
790 1137 1034 1220 potest,
1090 1156 1237 1200 cum
1280 1137 1556 1198 utuntur
1602 1156 1826 1198 omnes
1871 1156 2001 1199 uno
2050 1155 2287 1220 genere
2317 1154 2374 1195 10

261 1224 719 1290 nummorum?
794 1221 1130 1288 Gerarium
1167 1243 1324 1286 vero
1370 1259 1457 1267 —
1504 1221 1702 1306 quid?
1749 1244 1875 1306 quo
1923 1223 2114 1288 modo
2160 1223 2286 1288 hoc

261 1334 502 1378 nomen
529 1312 612 1376 ad
638 1312 925 1376 rationes
952 1311 1401 1396 magistratuS,
1439 1331 1566 1393 quo
1596 1309 1788 1374 modo
1826 1310 1908 1375 ad
1943 1311 2288 1393 pecuniam

261 1400 592 1485 publicam
641 1399 917 1463 allatum
961 1399 1107 1463 est?
1188 1396 1362 1463 Nam
1407 1397 1573 1461 illud
1619 1418 1822 1483 genus
1868 1399 2138 1464 tertium
2183 1400 2287 1463 de-

245 1487 582 1570 ductionis
621 1488 765 1550 erat
810 1486 947 1550 eius
993 1485 1191 1568 modi,
1237 1485 1427 1569 quasi
1470 1506 1604 1549 non
1648 1486 1839 1552 modo
1885 1487 2127 1570 liceret,
2172 1487 2288 1551 sed

263 1575 463 1639 etiam
518 1577 877 1658 oporteret,
931 1594 1049 1637 nec
1106 1574 1318 1637 solum
1369 1577 1728 1657 oporteret,
1784 1574 1898 1638 sed
1942 1576 2135 1659 plane
2179 1596 2286 1640 ne-
2317 1592 2371 1635 ιε

263 1684 439 1728 cesse
503 1664 694 1726 esset.
794 1659 1058 1727 Scribae
1120 1661 1384 1726 nomine
1439 1661 1518 1725 de
1571 1665 1716 1726 tota
1769 1663 2044 1746 pecunia
2095 1663 2287 1728 binae

265 1749 837 1836 quinquagesimae
870 1748 1399 1815 detrahebantur.
1463 1747 1622 1824 Quis
1648 1749 1774 1815 hoc
1799 1749 1923 1814 tibi
1951 1751 2287 1835 concessit,

267 1862 430 1923 quae
458 1841 583 1923 leit,
617 1860 784 1923 quae
819 1841 1083 1903 senatus
1123 1838 1499 1921 auctoritaS,
1538 1859 1701 1922 quae
1737 1860 1934 1922 porro
1973 1840 2288 1924 aequitaS,

264 1932 339 1992 ut
374 1932 631 1993 tantam
665 1926 1006 2013 pecuniam
1051 1926 1267 1991 scriba
1312 1930 1464 1991 tuus
1511 1925 1796 1991 auferret
1842 1926 1976 1991 sive
2023 1927 2100 1992 de
2146 1949 2287 1992 ara·

159 2030 261 2080 182
300 2020 521 2082 torum
547 2016 738 2081 bonis
766 2016 902 2082 sive
931 2016 1009 2080 de
1035 2016 1262 2100 populi
1290 2014 1570 2080 Romani
1594 2015 2067 2100 vectigalibus?
2108 2014 2285 2080 Nam
2315 2035 2373 2076 so

266 2105 324 2169 si
378 2109 600 2189 potest
651 2105 784 2169 ista
835 2104 1108 2189 pecunia
1165 2104 1303 2168 sine
1355 2106 1686 2169 aratorum
1731 2103 1969 2169 iniuria
2011 2103 2285 2187 detrahi,

264 2192 547 2278 populus
584 2191 917 2257 Romanus
953 2192 1212 2276 habeat,
1256 2192 1327 2256 in
1371 2191 1577 2255 tantis
1621 2191 2005 2276 praesertim
2051 2192 2288 2256 aerarii

267 2281 618 2365 angustiis3
681 2279 784 2342 sin
843 2282 1061 2342 autem
1115 2282 1182 2341 et
1233 2280 1516 2364 populus
1572 2278 1902 2344 Romanus
1956 2279 2166 2344 voluit
2221 2284 2289 2345 et

266 2388 545 2451 aequum
584 2370 684 2429 est
720 2366 817 2429 ita
855 2366 1019 2430 solvi
1066 2365 1457 2451 aratoribuS,
1501 2371 1656 2432 tuus
1702 2368 2038 2452 apparitor
2081 2390 2289 2452 parva

264 2454 493 2538 populi
546 2453 837 2517 mercede
882 2452 1234 2518 conductus
1281 2454 1361 2521 de
1407 2458 1739 2520 aratorum
1785 2456 1975 2520 bonis
1995 2504 2002 2511 .
2020 2456 2286 2539 praeda·
2315 2472 2371 2514 25

264 2539 492 2604 bitur?
545 2538 636 2604 Et
671 2540 742 2604 in
776 2540 899 2605 hac
936 2562 1131 2605 causa
1168 2542 1528 2607 scribarum
1567 2543 1859 2607 ordinem
1893 2543 1965 2607 in
2001 2565 2102 2607 me
2138 2564 2285 2608 con-

267 2627 497 2693 citabit
523 2627 916 2693 Hortensius
946 2632 1013 2692 et
1050 2650 1274 2694 eorum
1312 2630 1650 2695 commoda
1687 2652 1726 2695 a
1761 2652 1865 2696 me
1902 2630 2288 2695 labefactari

266 2721 461 2801 atque
516 2716 881 2802 oppugnari
933 2717 1078 2781 iura
1132 2717 1346 2782 dicet?
1429 2716 1630 2793 Quasi
1681 2739 1836 2783 vero
1886 2719 2012 2784 hoc
2058 2719 2290 2785 scribis

264 2806 402 2870 ullo
460 2805 755 2888 exemplo
812 2805 899 2868 sit
949 2809 1063 2869 aut
1107 2805 1245 2870 ullo
1290 2806 1429 2870 iure
1475 2827 1867 2871 concessum.
1950 2805 2118 2882 Quid
2164 2810 2311 2893 ego‘

263 2896 487 2957 vetera
522 2896 814 2978 repetam
851 2896 966 2956 aut
1013 2893 1165 2976 quid
1212 2915 1436 2957 eorum
1482 2893 1843 2958 scribarum
1889 2896 2286 2960 mentionem
2314 2913 2371 2953 8⁰

264 2981 521 3064 faciam,
559 3001 721 3064 quos
758 2984 1018 3045 constat
1056 2980 1502 3045 sanctissimos
1539 2982 1834 3047 homines
1873 2986 2072 3067 atque
2108 2983 2289 3047 inno-

265 3066 672 3134 centissimos
735 3066 981 3132 fuisse?
1079 3066 1230 3132 Non
1294 3089 1399 3133 me
1462 3068 1662 3154 fugit,
1733 3069 2003 3154 iudiceS,
2066 3074 2292 3135 vetera

266 3156 561 3238 exempla
595 3176 716 3239 pro
752 3155 922 3221 fictis
959 3154 1202 3219 fabulis
1236 3156 1372 3219 iam
1419 3156 1629 3221 audiri
1676 3160 1871 3241 atque
1916 3158 2175 3242 haberi3
2220 3159 2295 3223 in

263 3243 368 3307 his
424 3242 830 3326 temporibus
883 3243 1193 3308 versabor
1246 3243 1503 3307 miseris
1552 3265 1626 3309 ac
1669 3244 1962 3329 perditis.
2043 3247 2293 3331 Nuper,

262 3328 605 3411 Hortensi,
667 3335 973 3412 quaestor
1025 3330 1228 3394 fuisti.
1321 3329 1489 3406 Quid
1542 3332 1641 3395 tui
1695 3332 1943 3398 scribae
1996 3333 2295 3419 fecerint,
2322 3352 2378 3394 ³5

261 3415 337 3506 tu
373 3416 561 3491 potes
605 3415 842 3499 dicere3
888 3438 1009 3501 ego
1049 3417 1127 3481 de
1172 3418 1334 3490 meis
1381 3418 1505 3483 hoc
1552 3419 1711 3501 dieo,
1757 3441 1903 3484 cum
1949 3422 2022 3485 in
2066 3422 2295 3486 eadem

261 3498 393 3554 ista
421 3493 643 3562 Sicilia
668 3523 789 3582 pro
816 3502 1145 3568 frumento
1174 3505 1515 3589 pecuniam
1552 3506 1927 3572 civitatibus
1968 3509 2297 3575 solverem
