2566 4016
729 205 862 258 ΠΒ.
902 205 953 258 11
1004 205 1160 261 roAP.
1192 213 1403 261 41—43
1441 213 1470 273 ς
1510 213 1803 264 101—106.
2148 209 2274 273 237

268 353 591 433 docerent,
628 349 706 413 de
736 346 965 412 Stheni
993 349 1368 413 calamitate
1398 354 1660 432 questos
1694 372 1852 433 esse,
1888 357 2277 437 propterque

265 440 433 504 hanc
468 437 792 519 iniuriam,
840 458 1003 521 quae
1042 434 1311 501 Sthenio
1349 436 1525 502 facta
1562 442 1751 521 esset,
1797 460 1906 503 eos
1950 441 2278 523 statuisse,

266 531 340 592 ut
366 527 508 609 hoc,
547 524 719 610 quod
757 524 916 607 dieo,
953 524 1411 608 postularetur.
1475 524 1652 600 Quae
1690 548 1835 591 cum
1870 526 1967 590 ita
2007 532 2240 610 essent,
2283 542 2382 590 104

267 619 535 679 tantane
581 613 866 677 amentia
909 612 1240 695 praeditus
1288 617 1483 695 atque
1531 614 1798 680 audacia
1842 613 2045 698 fuisti,
2089 618 2163 679 ut
2208 616 2276 679 in

216 721 241 760 5
269 724 337 766 re
393 707 529 765 tam
586 702 792 783 clara,
845 703 984 764 tam
1040 703 1309 783 testata,
1362 705 1500 764 tam
1556 702 1673 766 abs
1719 705 1785 765 te
1829 701 1974 785 ipso
2020 703 2275 786 pervul-

270 793 427 876 gata
462 788 723 853 tabulas
761 787 1056 870 publicas
1103 809 1512 872 corrumpere
1560 789 1871 853 auderes?
1945 789 2037 853 At
2083 812 2273 874 quem

264 878 350 942 'ad
406 876 669 942 modum
724 875 1115 959 corrupisti?
1176 897 1392 940 nonne
1448 877 1567 959 ita,
1620 881 1695 940 ut
1741 877 2039 942 omnibus
2084 879 2273 942 nobis

266 965 635 1030 tacentibus
672 963 851 1048 ipsae
887 969 1037 1027 tuae
1076 967 1139 1027 te
1183 964 1449 1028 tabulae
1495 965 1919 1029 condemnare
1963 967 2273 1048 possent?

269 1051 468 1137 Cedo,
506 1073 772 1136 quaeso,
819 1051 1127 1132 codicem,
1174 1051 1539 1134 circumfer,
1588 1052 1868 1117 ostende.
1939 1051 2274 1118 Videtisne

192 1161 241 1199 10
267 1141 389 1206 hoc
443 1144 654 1204 totum
707 1159 972 1219 nomen,
1026 1160 1245 1203 coram
1295 1140 1408 1202 ubi
1451 1138 1610 1204 facit
1655 1140 1966 1223 delatum,
2021 1161 2161 1204 esse
2206 1141 2275 1204 in

268 1227 511 1293 litura?
584 1225 750 1301 Quid
784 1226 910 1290 fuit
946 1226 1095 1290 istic
1134 1231 1327 1290 antea
1362 1227 1717 1309 scriptum?
1763 1227 1935 1310 quod
1972 1226 2273 1292 mendum

270 1316 400 1380 ista
436 1315 636 1378 litura
672 1314 995 1379 correxit?
1068 1312 1234 1389 Quid
1279 1337 1319 1378 a
1362 1315 1571 1396 nobiS,
1614 1314 1875 1396 iudiceS,
1921 1316 2273 1399 expectatis

270 1406 652 1488 argumenta
714 1402 908 1466 huius
973 1401 1305 1466 criminis?
1405 1401 1588 1466 Nihil
1650 1402 1944 1485 dicimus3
2009 1403 2273 1468 tabulae

269 1495 420 1555 sunt
456 1491 526 1554 in
561 1490 792 1573 medio,
838 1511 1002 1573 quae
1041 1511 1107 1553 se
1145 1493 1483 1573 corruptas
1520 1494 1715 1573 atque
1761 1491 2085 1555 interlitas
2132 1513 2272 1557 esse

193 1596 242 1636 15
270 1579 572 1643 clamant.
662 1576 765 1642 Ex
817 1577 920 1641 his
981 1576 1180 1641 etiam
1234 1581 1310 1641 tu
1363 1578 1554 1642 rebus
1612 1578 1892 1663 effugere
1937 1582 2003 1643 te
2048 1601 2238 1662 posse
2278 1593 2377 1642 105

268 1667 552 1748 confidiS,
600 1687 744 1730 cum
780 1669 845 1728 te
889 1687 1008 1729 nos
1054 1686 1186 1729 non
1232 1665 1531 1748 opinione
1578 1666 1791 1749 dubia,
1837 1666 1948 1731 sed
1994 1667 2125 1730 tuis
2170 1688 2273 1732 ve-

269 1754 482 1838 stigiis
535 1774 1022 1836 persequamur,
1077 1775 1239 1836 quae
1296 1756 1370 1816 tu
1421 1753 1492 1816 in
1545 1753 1788 1817 tabulis
1842 1753 2119 1837 publicis
2173 1775 2271 1818 ex-

268 1862 493 1924 pressa
530 1862 605 1904 ac
640 1841 920 1905 recentia
955 1839 1324 1922 reliquisti?
1390 1841 1456 1904 Is
1496 1841 1657 1904 mihi
1693 1841 1889 1904 etiam
1929 1839 2272 1906 Sthenium

270 1929 525 1992 litteras
579 1928 870 2013 publicas
922 1929 1285 2011 corrupisse
1331 1948 1526 1991 causa
1568 1927 1903 2013 incognita
1945 1927 2272 2012 iudicavit,

189 2034 242 2074 20
269 2016 379 2101 qui
437 2016 772 2081 defendere
835 2038 967 2080 non
1029 2016 1271 2099 poterit
1337 2036 1404 2079 se
1466 2036 1599 2080 non
1659 2017 1730 2079 in
1781 2014 1987 2099 ipsius
2042 2012 2271 2080 Stheni

266 2106 525 2169 nomine
570 2104 827 2168 litteras
872 2103 1169 2188 publicas
1216 2103 1622 2186 corrupisse?

212 2259 215 2262 ,
396 2191 629 2256 Videte
665 2213 860 2275 porro
900 2191 1098 2255 aliam
1141 2191 1509 2273 amentiam,
1547 2190 1776 2273 videte,
1812 2194 1901 2272 ut,
1940 2190 2092 2254 dum
2129 2214 2236 2256 ex-
2290 2172 2376 2235 43

265 2278 484 2363 pedire
516 2300 654 2343 sese
679 2279 838 2362 vult,
865 2278 1108 2343 induat.
1156 2277 1577 2364 Cognitorem
1610 2278 1877 2343 ascribit
1897 2276 2164 2344 Sthenio
2190 2316 2264 2325 —

267 2366 501 2449 quem?
573 2370 921 2452 cognatum
995 2367 1272 2449 aliquem
1347 2372 1460 2431 aut
1522 2366 2001 2451 propinquum?
2102 2366 2271 2433 Non.

185 2471 240 2511 25
268 2454 756 2519 Thermitanum
782 2455 1082 2537 aliquem,
1109 2454 1456 2519 honestum
1482 2454 1811 2519 hominem
1840 2476 1914 2520 ac
1940 2456 2270 2520 nobilem?

263 2541 365 2606 Ne
418 2542 486 2606 id
531 2543 806 2628 quidem.
887 2542 981 2606 At
1028 2539 1341 2623 Siculum,
1396 2542 1465 2605 in
1511 2564 1637 2626 quo
1686 2543 1920 2626 aliquis
1968 2545 2272 2626 splendor

263 2630 675 2713 dignitasque
741 2631 956 2694 esset?
1056 2628 1415 2694 Neminem.
1527 2628 1692 2704 Quid
1757 2630 1957 2715 ergo?
2049 2629 2273 2694 Civem

263 2715 648 2781 Romanum.
722 2716 842 2781 Cui
877 2716 1001 2782 hoc
1036 2717 1305 2802 probari
1340 2717 1601 2800 potest?
1676 2714 1840 2781 Cum
1879 2720 2050 2781 esset
2088 2715 2272 2781 Sthe-

262 2800 412 2864 nius
442 2801 722 2867 civitatis
753 2825 906 2867 suae
933 2804 1397 2887 nobilissimuS,
1435 2804 1839 2887 amplissima
1866 2804 2270 2888 cognatione,

180 2906 236 2946 so
264 2888 567 2974 plurimis
614 2890 932 2976 amicitiis,
979 2914 1123 2956 cum
1166 2896 1502 2977 praeterea
1546 2896 1689 2956 tota
1725 2888 1947 2955 Sicilia
1990 2892 2271 2955 multum

264 2976 654 3042 auctoritate
684 2980 749 3041 et
785 2979 999 3062 gratia
1034 2983 1273 3063 posset,
1310 2979 1598 3043 invenire
1632 2979 1955 3043 neminem
1983 2976 2270 3043 Siculum

260 3064 505 3149 potuit,
562 3064 672 3147 qui
731 3066 874 3149 [pro
927 3068 1020 3147 se]
1071 3068 1367 3153 cognitor
1411 3066 1638 3130 fieret?
1727 3064 1872 3130 Hoc
1915 3065 2269 3148 probabis?

262 3151 371 3217 An
424 3153 563 3237 ipse
610 3152 815 3217 civem
862 3152 1226 3219 Romanum
1274 3153 1549 3219 maluit?
1633 3151 1832 3236 Cedo,
1888 3150 2271 3237 cui‘SicuIO,

260 3262 408 3305 cum
444 3242 501 3305 is
538 3261 686 3305 reus
725 3240 925 3322 fieret,
972 3242 1129 3306 civis
1166 3242 1501 3306 Romanus
1539 3241 1839 3325 cognitor
1881 3239 2091 3306 factus
2137 3263 2270 3306 um·

174 3344 229 3384 ³⁵
261 3349 459 3411 quam
514 3329 619 3393 sit.
710 3327 1014 3393 Omnium
1069 3333 1442 3412 praetorum
1496 3329 1777 3411 litterae,
1833 3328 1945 3412 qui
2000 3333 2149 3394 ante
2204 3333 2271 3394 te

256 3416 545 3500 fuerunt,
599 3416 848 3500 profer,
903 3416 1174 3499 explica3
1232 3417 1289 3480 si
1333 3438 1530 3480 unum
1574 3416 1896 3481 inveneris
1906 3466 1924 3499 ,
1980 3438 2100 3504 ego
2147 3418 2271 3483 hoc

256 3502 407 3585 tibi,
465 3525 655 3587 quem
698 3506 780 3569 ad
826 3504 1088 3570 modum
1134 3504 1203 3568 in
1247 3504 1492 3570 tabulis
1541 3504 1854 3589 scriptum
1899 3505 2129 3591 habeS,
2174 3506 2269 3571 ita

2276 2250 2376 2298 106
2425 2269 2431 2274 ·
