2566 4016
157 656 244 780 11

157 1303 226 1351 44

265 178 392 242 136
737 176 816 230 ΙΝ
856 175 913 230 Ο.
951 174 1261 232 VERREM
1297 173 1517 240 ACTIO
1553 176 1799 230 PRIMA.

262 323 340 387 de
394 322 581 387 vobis
637 321 879 385 malam
934 320 1306 404 opinionem
1363 320 1579 383 animo
1637 318 2048 386 imbibisset?
2139 319 2283 397 Quo

261 409 507 475 maiore
545 410 761 492 etiam,
799 408 872 472 si'
891 407 1032 486 fieri
1067 410 1306 492 potest,
1349 407 1519 491 apud
1555 428 1672 471 vos
1708 407 1856 473 odio
1893 428 2034 474 esse
2074 408 2283 494 debet,

261 520 457 582 quam
504 501 603 562 est
648 495 821 581 apud
864 496 1179 580 populum
1222 494 1617 578 Romanum,
1676 517 1820 561 cum
1865 496 1934 560 in
1989 498 2283 581 avaritia,

262 587 521 669 scelere,
566 584 849 670 periurio
895 605 1013 648 vos
1060 583 1162 648 sui
1208 582 1454 647 similes
1500 604 1640 647 esse
1687 584 2058 649 arbitretur.

396 672 515 739 Oui
568 674 740 756 loco,
793 694 910 756 per
957 671 1110 736 deos
1155 670 1588 754 immortales,
1641 671 1910 755 iudices,
1964 673 2282 739 consulite
2306 702 2335 743 5

262 784 338 827 ac
381 761 743 846 providete!
833 760 1068 823 Moneo
1113 758 1542 843 praedicoque
1586 758 1679 842 id,
1734 760 1906 844 quod
1949 761 2285 847 intellege,

260 855 517 933 tempus
576 848 701 913 hoc
745 847 931 912 vobis
978 846 1288 911 divinitus
1337 847 1560 911 datum
1606 867 1774 932 esse,
1828 852 1904 913 ut
1957 848 2133 934 odio,
2189 850 2283 913 in-

260 936 463 1020 vidia,
524 936 821 1019 infamia,
885 934 1283 1019 turpitudine
1349 939 1561 999 totum
1627 936 1918 1001 ordinem
1971 937 2284 1002 liberetis.

261 1022 466 1089 Nulla
517 1024 588 1089 in
641 1023 893 1094 iudiciis
950 1022 1261 1088 severitas
1269 1072 1289 1106 ,
1342 1022 1526 1086 nulla
1570 1023 1829 1108 religio,
1883 1024 2066 1088 nulla
2109 1024 2282 1088 deni-

264 1134 386 1197 que
439 1112 573 1177 iam
628 1111 1081 1177 existimantur
1135 1131 1274 1174 esse
1328 1109 1580 1176 iudicia.
1669 1110 1899 1195 Itaque
1955 1134 1995 1177 a
2036 1113 2281 1197 populo
2309 1142 2367 1182 1ο

262 1200 558 1265 Romano
614 1199 1113 1282 contemnimur,
1169 1198 1575 1282 despicimur,
1621 1200 1808 1284 gravi
1853 1199 2285 1284 diuturnaque

262 1289 395 1353 iam
435 1289 790 1373 flagramus
834 1286 1121 1352 infamia.
1209 1284 1438 1370 Neque
1485 1286 1656 1350 enim
1701 1288 1908 1352 ullam
1950 1288 2152 1353 aliam
2199 1289 2283 1353 ob

263 1398 527 1441 causam
605 1376 887 1460 populus
968 1374 1302 1439 Romanus
1390 1374 1807 1440 tribuniciam
1885 1380 2283 1460 potestatem

260 1468 448 1529 tanto
504 1463 719 1527 studio
783 1462 1145 1545 requisivit3
1211 1483 1407 1545 quam
1473 1483 1617 1527 cum
1681 1464 2019 1548 poscebat,
2083 1464 2282 1529 verbo

221 1552 446 1632 ,illam
509 1571 773 1636 poscere
840 1550 1205 1633 videbatur,
1277 1571 1348 1613 re
1419 1570 1574 1614 vera
1638 1550 1881 1636 ‘iudicia
1952 1553 2281 1636 poscebat.
2309 1579 2366 1620 15

154 2363 221 2412 45

152 3188 221 3236 46

260 1637 490 1723 Neque
539 1639 663 1703 hoc
709 1636 781 1712 Q.
829 1634 1162 1722 Catulum,
1214 1636 1545 1702 hominem
1592 1637 2144 1723 sapientissimum
2189 1645 2283 1704 at-

262 1749 384 1811 que
423 1726 916 1812 amplissimum,
952 1726 1125 1811 fugit
1162 1725 1291 1810 ,qui
1329 1722 1442 1791 Cn.
1469 1724 1798 1811 Pompeio,
1839 1727 1980 1792 viro
2007 1726 2284 1792 fortissi-

259 1837 368 1879 mo
433 1820 500 1879 et
563 1814 951 1902 clarissimo,
1021 1814 1097 1877 de
1162 1813 1511 1878 tribunicia
1573 1818 1901 1899 potestate
1964 1816 2283 1882 referente

261 1925 406 1968 cum
464 1907 635 1969 esset
691 1902 1080 1967 sententiam
1125 1906 1398 1986 rogatus
1407 1951 1425 1984 ,
1480 1900 1605 1967 hoc
1649 1902 1837 1967 initio
1883 1908 1986 1968 est
2028 1925 2284 1969 summa

261 2015 406 2057 cum
452 1992 838 2057 auctoritate
884 2012 1066 2074 113113,
1110 1994 1332 2075 patres
1379 1990 1779 2075 conscriptos
1826 1990 2061 2056 iudicia
2106 1992 2282 2058 male
2309 2020 2368 2060 zo

261 2085 327 2145 et
383 2080 709 2166 flagitiose
764 2080 958 2162 tueri3
1015 2079 1245 2162 quodsi
1301 2078 1368 2141 in
1413 2078 1607 2143 rebus
1652 2078 2006 2145 iudicandis
2049 2081 2281 2164 populi

258 2168 539 2232 Romani
575 2166 1042 2233 existimationi
1080 2167 1241 2230 satis
1276 2165 1489 2230 facere
1521 2166 1898 2251 voluissent,
1933 2189 2063 2232 non
2089 2172 2281 2233 tanto

260 2276 452 2338 opere
506 2255 802 2319 homines
854 2253 1056 2317 fuisse
1111 2252 1525 2318 tribuniciam
1581 2259 1978 2339 potestatem
2041 2255 2284 2320 deside-

259 2347 534 2406 raturos.
633 2342 784 2425 Ipse
859 2339 1130 2423 denique
1194 2338 1307 2405 Cn.
1370 2338 1719 2427 Pompeius
1791 2365 1936 2408 cum
1997 2343 2283 2428 primum

260 2429 624 2494 contionem
662 2429 745 2493 ad
779 2429 1006 2493 urbem
1045 2429 1270 2493 consul
1316 2428 1692 2513 designatus
1739 2431 1986 2514 habuit,
2032 2431 2162 2515 ubi,
2211 2431 2284 2496 id
2308 2458 2367 2499 2⁵

260 2516 432 2601 quod
468 2517 746 2581 maxime
784 2516 1143 2600 exspectari
1179 2516 1540 2600 videbatur,
1576 2518 1861 2583 ostendit
1896 2539 1966 2582 se
2003 2519 2281 2584 tribuni-

259 2605 423 2670 ciam
461 2609 857 2689 potestatem
885 2605 1360 2688 restituturum,
1394 2604 1608 2670 factus
1638 2610 1738 2670 est
1763 2606 1834 2670 in
1861 2627 1936 2671 eo
1965 2606 2282 2691 strepitus

258 2698 325 2758 et
397 2697 590 2779 grata
659 2692 978 2759 contionis
1043 2693 1571 2758 admurmuratio.
1678 2691 1858 2759 Idem
1921 2695 1992 2758 in
2054 2695 2283 2760 eadem

258 2781 556 2846 contione
601 2803 748 2847 cum
795 2781 1062 2845 dixisset
1104 2781 1453 2865 populatas
1499 2784 1892 2865 vexatasque
1948 2802 2090 2847 esse
2133 2805 2283 2868 pro-

259 2870 520 2954 vinciaS,
564 2870 800 2936 iudicia
846 2873 1062 2935 autem
1107 2868 1329 2953 turpia
1373 2891 1449 2934 ac
1492 2867 1822 2954 flagitiosa
1865 2869 2031 2953 fieri;
2079 2870 2140 2934 ei
2183 2870 2283 2935 rei
2309 2897 2374 2938 sc

258 2979 327 3022 se
355 2957 695 3042 providere
733 2980 808 3023 ac
844 2957 1177 3023 consulere
1211 2956 1406 3022 velle:
1443 2961 1585 3022 tum
1624 2978 1776 3021 vero
1811 2978 1945 3022 non
1980 2958 2281 3043 strepitu,

257 3045 369 3110 sed
423 3046 705 3111 maximo
761 3045 1043 3111 clamore
1100 3067 1285 3113 suam
1330 3045 1611 3129 populus
1655 3044 1988 3110 Romanus
2035 3045 2287 3131 signifi-2

156 3112 236 3174 16
257 3133 429 3198 cavit
483 3135 907 3198 voluntatem.
1005 3130 1194 3197 Nunc
1249 3136 1471 3197 autem
1524 3131 1819 3198 homines
1874 3132 1945 3197 in
1998 3133 2281 3218 speculis

258 3226 434 3304 sunt,
490 3221 867 3305 observant,
923 3242 1113 3304 quem
1169 3220 1252 3285 ad
1298 3221 1562 3285 modum
1609 3241 1749 3284 sese
1794 3241 1959 3285 unus
2005 3221 2282 3305 quisque

254 3311 555 3373 nostrum
600 3313 788 3394 gerat
832 3309 901 3373 in
944 3308 1282 3374 retinenda
1326 3308 1642 3394 religione
1693 3308 2280 3391 conservandisque
2311 3334 2373 3376 ³5

257 3395 530 3479 legibus.
619 3394 862 3461 Vident
908 3396 1116 3463 adhuc
1159 3400 1313 3481 post
1358 3397 1571 3482 legem
1615 3395 2033 3461 tribuniciam
2076 3417 2282 3461 unum

260 3484 624 3547 senatorem
669 3485 775 3548 vel
820 3485 1271 3550 tenuissimum
1318 3504 1460 3549 esse
1507 3484 1914 3568 damnatum3
1965 3483 2137 3568 quod
2183 3487 2282 3549 ta-
