2566 4016
705 208 840 262 LIB.
878 209 932 263 11
1013 209 1169 265 CAP.
1212 217 1418 267 19—21
1459 218 1489 278 ς
1526 217 1751 269 46—50.
2110 215 2238 279 217

230 353 649 440 perturbatus
705 356 823 417 est.
912 350 1046 418 Ubi
1100 374 1168 418 se
1223 355 1518 442 collegit,
1572 361 1764 423 vocat
1810 358 1891 422 ad
1935 378 2005 423 se
2051 356 2240 444 Syra-

231 463 530 525 cusanos3
603 441 716 524 qui
777 461 910 506 non
971 446 1194 525 posset
1254 464 1496 530 negare
1561 443 1644 509 ab
1708 445 1842 511 illis
1903 448 2239 530 pecuniam

230 530 477 614 datam,
539 551 674 595 non
738 530 1060 614 quaesivit
1122 532 1350 615 procul
1414 532 1707 599 alicunde
1770 530 2006 618 (neque
2069 536 2242 600 enim

231 615 585 704 probaret),
631 616 745 682 sed
781 619 1166 702 proximum,
1210 641 1416 704 paene
1453 621 1731 686 alterum
1777 621 2003 706 filium,
2051 644 2242 707 quem

180 725 205 765 5
229 708 411 772 illam
449 706 790 791 pecuniam
827 706 1068 772 diceret
1105 706 1487 792 abstulisse3
1532 708 1817 774 ostendit
1863 732 1932 774 se
1977 711 2240 776 reddere

231 799 621 861 coacturum.
696 794 821 870 Qui
865 799 1297 880 posteaquam
1341 797 1408 861 id
1455 796 1718 881 audivit,
1761 798 1994 863 habuit
2040 802 2106 864 et
2152 800 2240 863 di-

232 884 501 970 gnitatis
539 886 606 947 et
642 882 880 948 aetatis
920 886 986 947 et
1029 884 1400 950 nobilitatis
1448 907 1602 951 suae
1648 886 1997 969 rationem3
2043 887 2242 952 verba

231 972 398 1057 apud
454 974 750 1037 senatum
803 970 984 1055 fecit,
1039 971 1258 1038 docuit
1305 972 1386 1038 ad
1432 994 1501 1039 se
1545 973 1710 1038 nihil
1757 975 2106 1059 pertinere3
2163 976 2241 1040 de

228 1060 374 1145 istc,
418 1060 487 1126 id
522 1059 696 1144 quod
741 1080 964 1125 omnes
1011 1060 1338 1144 videbant,
1380 1083 1463 1127 ne
1507 1062 1622 1127 ille
1666 1062 1924 1147 quidem
1971 1063 2240 1128 obscure

154 1167 204 1206 10
229 1149 480 1214 locutus
547 1153 661 1213 est.
758 1148 992 1230 Itaque
1053 1149 1157 1213 illi
1210 1146 1602 1232 Syracusani
1665 1154 1954 1215 statuam
2011 1155 2242 1236 postea

231 1240 617 1320 statuerunt,
662 1239 729 1300 et
764 1236 841 1319 is,
885 1239 960 1301 ut
997 1236 1280 1319 primum
1326 1238 1560 1322 potuit,
1605 1238 1808 1302 istum
1852 1238 2116 1322 reliquit
2163 1239 2239 1303 de

228 1324 685 1409 provinciaque
758 1324 1051 1388 decessit.
1149 1324 1240 1389 Et
1311 1329 1533 1390 tamen
1601 1326 1784 1390 aiunt
1847 1348 1992 1391 eum
2057 1327 2240 1411 queri
2277 1342 2343 1390 49

231 1414 437 1478 solere
497 1433 632 1477 non
691 1412 911 1496 inique
967 1432 1035 1476 se
1089 1413 1427 1497 miserum,
1492 1414 1664 1498 quod
1715 1435 1849 1479 non
1902 1415 2036 1479 suis
2047 1466 2065 1499 ,
2128 1415 2239 1481 sed

230 1522 491 1567 suorum
544 1500 826 1585 peccatis
881 1500 1384 1586 criminibusque
1428 1505 1779 1586 prematur.
1862 1501 2240 1568 Triennium

150 1605 202 1647 ιο
227 1589 629 1674 provinciam
671 1587 1040 1672 obtinuisti3
1087 1610 1302 1676 gener,
1347 1590 1554 1655 lectus
1601 1591 1996 1675 adulescenS‚
2040 1613 2241 1656 unum

228 1699 465 1743 annum
530 1681 743 1742 tecum
803 1674 961 1759 fuit,
1032 1677 1316 1762 sodales,
1385 1679 1513 1742 viri
1571 1677 1806 1763 fortes,
1871 1679 2079 1765 legati
2142 1680 2241 1744 tui

225 1766 435 1850 primo
491 1787 660 1831 anno
716 1768 783 1828 te
837 1763 1265 1849 reliquerunt,
1329 1787 1494 1830 unus
1551 1767 1806 1850 legatus
1861 1765 1931 1830 P.
1980 1765 2239 1850 Tadius,

228 1853 338 1937 qui
382 1857 523 1918 erat
567 1853 874 1937 reliquus,
916 1872 1049 1917 non
1092 1853 1189 1918 ita
1234 1853 1516 1919 multum
1561 1857 1778 1918 tecum
1822 1852 1978 1937 fuit;
2025 1854 2137 1937 qui
2183 1854 2241 1918 si

229 1962 483 2026 semper
527 1963 658 2006 una
702 1944 915 2006 tecum
958 1940 1217 2025 fuisset,
1267 1943 1490 2005 tamen
1538 1943 1819 2021 [summa
1865 1943 2046 2021 cura]
2094 1963 2240 2007 cum
2284 1972 2294 1978 ·

142 2048 201 2088 20
226 2034 397 2113 tuae,
441 2034 582 2096 tum
617 2031 828 2095 multo
868 2028 1067 2094 etiam
1109 2030 1321 2115 magis
1367 2050 1521 2095 suae
1565 2027 1781 2094 famae
1826 2029 2239 2113 pepercisset.

227 2119 396 2196 Quid
443 2122 570 2203 est,
617 2117 790 2203 quod
832 2119 908 2181 tu
955 2118 1119 2184 alios
1166 2118 1472 2183 accuses?
1538 2117 1692 2201 quid
1737 2120 1864 2201 est,
1912 2138 2107 2201 quam
2154 2118 2239 2183 ob

224 2229 364 2273 rem
399 2211 589 2291 putes
624 2211 691 2271 te
726 2210 911 2270 tuam
948 2207 1207 2291 culpam
1251 2228 1384 2272 non
1432 2206 1622 2271 modo
1669 2205 1962 2271 derivare
2006 2206 2077 2269 in
2123 2207 2237 2271 ali-

227 2316 445 2378 quem,
509 2294 622 2359 sed
684 2295 1155 2360 communicare
1209 2317 1357 2360 cum
1410 2295 1618 2359 altero
1674 2295 1911 2380 posse?
1999 2292 2239 2360 Nume-
2277 2316 2346 2365 50

224 2386 455 2448 rantur
490 2383 609 2450 illa
645 2380 755 2448 HS
782 2382 925 2451 ’cc-c
963 2381 1402 2467 Syracusanis.
1483 2381 1582 2449 Ea
1619 2404 1809 2467 quem
1851 2382 1932 2449 ad
1977 2384 2241 2449 modum

138 2487 196 2530 8⁶
227 2470 310 2535 ad
337 2471 536 2536 istum
564 2474 795 2555 postea
831 2494 947 2558 per
982 2471 1496 2556 pseudothyrum
1532 2475 1959 2556 revertantur,
1995 2472 2240 2537 tabulis

223 2559 411 2624 vobis
456 2561 889 2644 testibusque,
934 2558 1203 2641 iudices,
1247 2560 1518 2643 planum
1561 2559 1816 2624 faciam.

355 2646 456 2710 Ex
518 2648 643 2712 hac
699 2648 1046 2732 iniquitate
1108 2647 1300 2711 istius
1366 2650 1432 2711 et
1461 2647 1919 2732 improbitate,
1981 2647 2239 2730 iudices,
2260 2652 2342 2715 21

225 2732 402 2816 quod
454 2733 695 2815 praeda
748 2756 825 2798 ex
880 2735 1014 2801 illis
1069 2734 1260 2801 bonis
1316 2733 1398 2799 ad
1452 2734 1695 2800 multos
1744 2733 2239 2818 [Syracusanos]

222 2818 437 2886 invito
474 2820 718 2904 populo
765 2827 1121 2907 senatuque
1168 2820 1573 2906 Syracusano
1619 2825 1904 2906 venerat,
1948 2823 2068 2886 illa
2113 2843 2242 2886 sce·

134 2926 193 2967 80
222 2908 368 2972 Iera
429 2928 546 2991 per
601 2906 1108 2977 Theomnastum
1174 2914 1240 2975 et
1287 2909 1754 2976 Aeschrionem
1808 2914 1873 2974 et
1926 2909 2242 2991 Dionyso-

226 2996 461 3062 dorum
526 2999 593 3060 et
647 2993 1056 3064 Cleomenem
1120 2998 1518 3064 invitissima
1579 2998 1843 3062 civitate
1897 2997 2017 3061 illa
2069 2997 2243 3062 facta

225 3088 409 3169 sunt,
472 3082 756 3169 primum
817 3089 892 3151 ut
953 3087 1109 3151 urbs
1172 3090 1319 3153 tota
1373 3086 1793 3171 spoliaretur,
1857 3106 1986 3168 qua
2041 3084 2118 3148 de
2174 3106 2242 3148 re

221 3173 395 3239 alius
424 3172 588 3244 mihi
617 3174 798 3238 locus
832 3173 914 3239 ad
952 3173 1290 3239 dicendum
1327 3178 1428 3239 est
1464 3173 1877 3273 constitutus,
1912 3176 1989 3273 ut
2025 3172 2243 3237 omnia

128 3364 188 3406 εὖ
221 3265 804 3416 {zffifflzffiffi
849 3261 1350 3433 {gssfisstfflzz’
1383 3282 1989 3433 &samm
2016 3282 2244 3434 Ρῗέἒὲἷ

220 3438 494 3503 deorum
523 3439 798 3524 denique
828 3437 1194 3521 simulacra,
1222 3459 1386 3521 quae
1414 3437 1632 3520 vellet,
1668 3436 1978 3521 auferret3
2015 3437 2241 3514 deinde

217 3527 298 3587 ut
353 3526 424 3589 in
473 3528 652 3594 curia
699 3525 1063 3612 Syracusis,
1119 3546 1310 3610 quem
1354 3526 1570 3591 locum
1616 3526 1717 3591 illi
1761 3522 2241 3610 βουλευτήριον
