2566 4016
272 246 357 309 74
605 242 748 298 PRO
786 240 937 297 SEX.
976 238 1236 296 ROSCIO
1273 237 1609 295 AMERINO
1646 237 1934 293 ORATIO.

269 390 511 455 ciarum
537 406 779 471 qenera,
814 385 980 467 quod
1007 383 1230 449 habeat
1247 383 1464 465 liures
1488 383 1911 466 possessiones,
1957 382 2290 463 mncipia,

268 496 423 559 quae
495 475 706 541 omnia
770 474 925 538 dicit
988 473 1063 538 de
1130 472 1378 555 rapinis
1447 471 1654 552 ipsum
1723 470 1954 535 habere.
2061 468 2290 553 (Schol.

272 559 934 645 Gron.p.436.14.)
1127 644 1167 686 *
1386 643 1427 684 3

165 738 253 801 46
277 790 290 803 .
311 789 359 804 ..
380 787 396 802 .
442 741 668 822 aptam
708 740 773 801 et
809 734 1060 800 ratione
1098 689 1484 819 dispdsitam
1521 753 1595 797 se
1625 731 1866 796 habere
1894 731 2288 816 existimant,

274 826 387 911 qui
443 826 513 890 in
567 822 948 889 Sallentinis
1002 825 1116 887 aut
1168 821 1238 885 in
1292 819 1570 885 Bruttiis
1625 819 1895 903 habent,
1958 820 2127 885 unde
2180 822 2289 886 vix
2317 850 2343 890 5

273 918 377 979 ter
419 913 491 978 in
535 933 704 977 anno
750 910 971 977 audire
1014 908 1317 974 nuntium
1362 910 1654 992 possunt.

172 1006 274 1055 133
406 1001 598 1065 Alter
623 998 748 1064 tibi
776 997 1103 1064 deseendit
1130 996 1209 1061 de
1225 995 1485 1061 Palatio
1512 999 1579 1059 et
1606 994 1873 1060 aedibus
1901 994 2063 1078 suis3
2090 996 2291 1061 habet

277 1088 478 1154 animi
522 1109 717 1153 causa
761 1108 871 1152 rus
909 1106 1252 1152 amoenum
1289 1087 1355 1148 et
1387 1082 1845 1165 suburbanum,
1890 1083 2080 1167 plura
2104 1105 2289 1168 prae-

274 1180 454 1241 terea
471 1174 736 1261 praedia
749 1195 958 1259 neque
985 1177 1207 1239 tamen
1237 1172 1450 1237 ullum
1474 1171 1604 1235 nisi
1629 1171 2033 1256 praeclarum
2051 1174 2119 1235 et
2144 1192 2289 1254 pro·
2346 1181 2349 1182 ’

275 1264 617 1365 pinquum3
674 1263 903 1327 domus
957 1260 1202 1326 referta
1249 1259 1427 1325 vasis
1473 1256 1830 1324 Corinthiis
1876 1263 1945 1323 et
1986 1258 2291 1341 Deliacis,
2320 1288 2374 1328 ιο

273 1352 343 1416 ιιι
389 1351 628 1435 quibus
671 1354 771 1415 est
816 1349 1137 1449 authepsa
1179 1348 1315 1431 illa,
1361 1368 1557 1431 quam
1601 1349 1788 1411 tanto
1832 1346 2041 1430 pretio
2087 1365 2294 1432 nuper

276 1441 598 1504 mercatus
626 1442 745 1519 est,
771 1441 865 1520 ut,
892 1437 1003 1519 qui
1028 1440 1515 1521 praetereuntes
1543 1455 1925 1518 praeconem
1956 1435 2293 1500 enuntiare

279 1525 657 1608 audiebant,
709 1524 981 1588 fundum
1037 1523 1256 1588 venire
1313 1522 1803 1587 arbitrarentur.
1893 1522 2061 1599 Quid
2112 1545 2294 1608 prae·
2390 1579 2395 1592 .

276 1618 460 1677 terea
477 1611 712 1677 caelati
732 1611 1005 1697 argenti,
1023 1610 1178 1693 quid
1198 1611 1531 1697 stragulae
1556 1610 1777 1692 vestie,
1798 1610 1952 1693 quid
1969 1611 2293 1695 pictarum

277 1700 670 1783 tabularum,
717 1699 872 1783 quid
918 1698 1270 1784 signorum,
1318 1698 1472 1781 quid
1517 1698 1862 1763 marmoris
1898 1699 2070 1783 apud
2104 1698 2292 1764 illum
2323 1725 2374 1766 ιε»

276 1787 527 1873 putatis
602 1788 786 1852 esse?
891 1786 1173 1851 Tantum
1246 1786 1521 1870 scilieet,
1591 1790 1906 1870 quantum
1968 1807 2004 1850 e
2069 1787 2292 1851 multis

281 1875 761 1976 splendidisque
814 1874 1081 1940 familiis
1135 1874 1206 1938 in
1259 1874 1458 1939 turba
1510 1876 1576 1938 et
1629 1873 1876 1959 rapinis
1930 1876 2296 1940 coacervari

174 1980 322 2049 (134)
359 1985 490 2030 una
550 1963 621 2029 in
682 1963 872 2029 domo
936 1962 1168 2049 potuit.
1257 1961 1601 2028 Familiam
1654 1982 1807 2027 vero
1863 1965 2175 2047 quantam
2229 1968 2295 2028 et

282 2073 478 2136 quam
530 2052 731 2117 variis
786 2073 932 2118 eum
988 2051 1279 2117 artificiis
1334 2051 1601 2134 habeat,
1657 2049 1810 2134 quid
1863 2071 1987 2135 ego
2039 2051 2295 2116 dicam?

180 2160 282 2210 134
318 2140 514 2205 Mitto
542 2139 737 2206 hasce
765 2144 939 2204 artes
977 2140 1301 2225 vulgares,
1338 2159 1543 2220 eoeos,
1579 2138 1878 2222 pistores,
1905 2138 2295 2222 leetieari083
2323 2168 2383 2208 so

283 2228 484 2293 animi
517 2231 583 2291 et
620 2227 873 2292 aurium
909 2247 1103 2290 eausa
1138 2229 1241 2290 tot
1273 2225 1570 2290 homines
1609 2226 1825 2309 habet,
1859 2229 1934 2291 ut
1971 2227 2296 2292 eotidian‘o

283 2317 478 2380 cantu
530 2335 763 2378 vocum
816 2317 882 2378 et
933 2333 1281 2378 nervorum
1336 2316 1402 2378 et
1464 2312 1774 2378 tibiarum
1836 2315 2298 2399 nocturnisque

283 2399 588 2466 conviciis
642 2404 788 2466 tota
831 2400 1133 2465 vicinitas
1174 2403 1498 2486 personet.
1567 2400 1647 2465 In
1682 2401 1805 2466 hae
1839 2401 1995 2485 vita,
2039 2402 2297 2486 iudices,

283 2509 447 2572 quos
493 2492 789 2574 sumptus
827 2488 1202 2572 cotidianos,
1249 2510 1410 2572 quas
1456 2489 1799 2554 effusiones
1843 2489 1986 2553 fieri
2029 2491 2298 2575 putatis,

285 2597 448 2659 quae
477 2597 631 2641 vero
659 2576 998 2641 convivia?
1034 2577 1328 2660 honesta,
1365 2577 1570 2659 oredo,
1608 2576 1678 2641 in
1705 2575 1840 2640 eius
1874 2577 2050 2641 modi
2088 2578 2299 2662 dom0,
2326 2603 2384 2646 π

284 2664 341 2729 si
414 2664 641 2729 domus
710 2664 870 2729 haee
942 2664 1240 2729 habenda
1313 2668 1415 2729 est
1488 2664 1706 2748 potius
1771 2685 1966 2747 quam
2038 2665 2300 2731 officina

184 2773 284 2821 135
319 2751 649 2836 nequitiae
696 2756 763 2816 et
807 2752 1246 2818 deversorium
1299 2751 1698 2838 flagitiorum
1746 2752 2051 2818 omnium.
2148 2752 2300 2837 Ipse

282 2861 439 2905 vero
513 2860 704 2923 quem
776 2839 857 2905 ad
919 2839 1182 2905 modum
1250 2843 1509 2923 compto
1580 2842 1647 2904 et
1710 2839 1998 2906 delibuto
2061 2841 2299 2924 eapillo

282 2929 528 3013 passim
581 2949 697 3013 per
748 2927 963 2993 forum
1016 2928 1254 2992 volitet
1307 2948 1454 2992 eum
1508 2948 1749 3012 magna
1801 2931 2062 2994 caterva
2116 2932 2305 3015 toga-

282 3020 527 3100 torum,
581 3015 846 3099 videtis,
899 3014 1167 3099 iudices,
1224 3017 1323 3095 [et
1371 3015 1504 3081 iam
1554 3015 1818 3098 videtis,
1872 3015 2169 3101 iudices,]
2227 3021 2303 3081 ut
2332 3045 2390 3086 so

286 3125 508 3169 omnes
556 3103 888 3187 despiciat,
932 3106 1008 3168 ut
1051 3103 1383 3168 hominem
1428 3124 1592 3188 prae
1630 3124 1705 3168 se
1735 3103 2059 3169 neminem
2096 3108 2303 3190 putet,

283 3195 358 3255 ut
413 3212 482 3256 se
537 3191 750 3256 solum
802 3191 1092 3270 beatum,
1159 3191 1371 3255 solum
1424 3193 1757 3275 potentem
1818 3195 2026 3276 putet.
2124 3191 2304 3268 Quae

284 3300 438 3342 vero
483 3277 725 3344 efficiat
770 3282 838 3342 et
882 3299 1047 3362 quae
1093 3281 1387 3362 conetur,
1434 3278 1492 3342 si
1534 3279 1733 3344 velim
1778 3301 2304 3363 eommemorare,

283 3387 537 3449 vereor,
594 3365 863 3450 iudiees,
906 3388 990 3431 ne
1036 3366 1180 3449 quis
1226 3365 1593 3451 imperitior
1638 3366 1966 3432 existimet
2011 3390 2116 3433 me
2161 3390 2305 3435 eau-

287 3473 429 3515 sam
470 3452 837 3518 nobilitatis
883 3453 1352 3538 vietoriamque
1394 3453 1679 3519 voluisse
1714 3455 1994 3539 laedere3
2040 3457 2307 3522 tametsi
2337 3481 2395 3524 ss

287 3559 432 3604 meo
494 3539 633 3604 iure
695 3561 990 3623 possum,
1053 3541 1110 3605 si
1174 3541 1330 3625 quid
1390 3542 1460 3605 in
1522 3541 1646 3607 hae
1707 3547 1895 3627 parte
1959 3543 2123 3609 mihi
2175 3567 2303 3610 non
