2566 4016
352 203 483 268 382
958 202 1038 258 IN
1077 202 1134 258 C.
1164 202 1474 258 VERREM
1510 201 1663 258 ACT.
1700 202 1772 257 11.

351 369 666 432 apparare
721 347 1105 413 convivium.
1186 346 1383 412 Multi
1434 346 1609 413 domi
1653 344 1768 412 Cn.
1807 343 2015 411 Calidi
2063 369 2208 412 cum
2251 368 2364 432 po-

349 440 590 501 testate
628 440 822 521 atque
858 436 1133 521 imperio
1169 435 1459 517 fuerunt3
1502 457 1694 500 nemo
1731 435 2032 499 inventus
2080 439 2181 499 est
2225 438 2363 499 tam

350 547 598 608 amens,
663 525 775 610 qui
827 524 991 588 illud
1048 527 1393 611 argentum
1445 527 1584 588 tam
1636 525 2042 608 praeclarum
2097 545 2172 588 ac
2223 527 2363 587 tam

347 614 569 679 nobile
608 614 911 697 eriperet,
956 634 1146 677 nemo
1182 615 1323 676 tam
1369 612 1605 696 audax,
1651 612 1762 696 qui
1805 614 2128 696 posceret,
2174 633 2362 676 nemo

242 714 311 763 45
348 706 487 767 tam
522 701 860 787 inpudens,
907 701 1019 784 qui
1054 700 1439 785 postularet,
1482 704 1558 764 ut
1592 700 1917 764 venderet.
1999 697 2362 782 Superbum
2385 716 2413 758 5

350 795 451 855 est
495 791 665 854 enim
674 839 692 873 ,
746 788 1016 873 iudices,
1071 793 1137 853 et
1181 809 1314 853 non
1356 788 1693 853 ferendum
1741 789 1948 853 dicere
1992 791 2362 872 praetorem

276 946 280 950 ,
346 879 418 943 in
488 877 823 961 provincia
893 877 1142 942 homini
1212 877 1518 961 honest0,
1590 876 1927 962 locupleti,
2000 876 2362 960 splendido:

327 965 595 1030 '‘Vende
632 965 794 1029 mihi
829 986 989 1030 vasa
1032 964 1328 1048 caelata'3
1372 965 1496 1029 hoc
1542 969 1643 1029 est
1689 966 1861 1029 enim
1909 965 2142 1029 dicere:
2189 963 2367 1030 ‘Non

349 1076 416 1118 es
465 1054 698 1140 dignus
743 1058 845 1137 tu,
892 1053 1004 1138 qui
1049 1052 1322 1135 habeaS,
1369 1075 1533 1137 quae
1578 1057 1718 1118 tam
1762 1054 1926 1118 bene
1970 1053 2147 1117 facta
2194 1057 2365 1137 sunt,

348 1164 529 1208 meae
567 1142 908 1228 dignitatis
952 1141 1085 1206 ista
1131 1140 1323 1206 sunt?
1397 1141 1495 1205 Tu
1543 1141 1818 1228 dignior,
1863 1140 2120 1226 Verres,
2167 1163 2366 1225 quam
2396 1159 2440 1198 10

347 1228 682 1296 Calidius?
756 1231 869 1314 qui
914 1228 1020 1315 (ut
1071 1251 1207 1294 non
1260 1229 1590 1295 conferam
1642 1230 1850 1294 vitam
1893 1251 2102 1313 neque
2148 1229 2370 1294 existi-

347 1320 703 1384 mationem
729 1322 909 1383 tuam
940 1340 1086 1382 cum
1112 1318 1321 1401 illius3
1354 1339 1565 1402 neque
1599 1318 1772 1382 enim
1808 1321 1909 1382 est
1946 1317 2370 1401 conferenda,

344 1409 469 1472 hoc
521 1408 737 1490 ipsum
801 1405 1154 1488 conferam,
1220 1427 1347 1489 quo
1408 1410 1485 1469 tu
1547 1409 1614 1470 te
1679 1406 2077 1490 superiorem
2135 1404 2369 1493 fingis)

346 1495 519 1579 quod
553 1492 665 1558 HS
704 1495 833 1557 (ΐόῖ)
871 1493 1280 1576 divisoribus,
1324 1497 1399 1557 ut
1443 1498 1709 1576 praetor
1753 1494 2217 1578 renuntiarere,
2265 1495 2371 1560 de-

347 1583 518 1665 disti,
563 1583 857 1646 trecenta
901 1581 1279 1665 accusatori,
1323 1603 1405 1645 ne
1450 1582 1575 1645 tibi
1621 1583 1882 1647 odiosus
1930 1587 2120 1667 esset,
2172 1604 2250 1647 ea
2299 1606 2371 1648 re
2401 1600 2445 1640 1⁵

346 1670 705 1736 contemnis
758 1673 1124 1753 equestrem
1169 1669 1462 1734 ordinem
1507 1674 1573 1734 et
1619 1670 1939 1755 despicis?
2003 1693 2079 1735 ea
2122 1692 2195 1734 re
2240 1671 2374 1735 tibi

344 1759 683 1846 indignum
753 1758 965 1822 visum
1030 1762 1130 1823 est
1194 1758 1565 1843 quicquam,
1637 1759 1809 1842 quod
1869 1758 1993 1823 tibi
2055 1759 2376 1845 placeret,

346 1846 667 1913 Calidium
713 1847 932 1932 potius
978 1847 1218 1911 habere
1266 1869 1462 1930 quam
1506 1847 1619 1911 te?
2505 1848 2506 1855 ’

477 1936 691 2001 Iactat
746 1957 814 2000 se
863 1936 996 2000 iam
1043 1934 1282 2000 dudum
1332 1935 1407 1999 de
1454 1933 1733 2019 Calidio,
1787 1939 2015 2001 narrat
2061 1936 2377 2002 omnibus

347 2026 579 2090 emisse
626 2047 712 2090 se.
792 2023 969 2089 Num
1016 2024 1214 2089 etiam
1261 2024 1339 2088 de
1383 2023 1454 2088 L.
1491 2023 1792 2108 Papinio,
1841 2024 1983 2089 viro
2030 2025 2379 2111 primario,
2404 2042 2448 2082 2⁰

345 2114 658 2198 locupleti
684 2105 1087 2197 honestoque
1116 2112 1330 2196 equite
1357 2112 1674 2196 Romano,
1708 2112 2072 2177 turibulum
2101 2114 2378 2180 emisti?

345 2202 456 2286 qui
517 2224 639 2286 pro
701 2201 1076 2266 testimonio
1141 2201 1304 2264 dixit
1366 2204 1460 2285 te,
1523 2222 1669 2265 cum
1720 2200 2196 2286 inspiciendum
2252 2226 2379 2288 po-
2503 2241 2504 2258 2

342 2290 690 2373 poscisses,
741 2289 962 2353 evolso
1009 2288 1398 2352 emblemate
1442 2288 1795 2372 remisisse3
1841 2293 1916 2352 ut
1959 2289 2379 2376 intellegatis
2503 2331 2504 2334 =

343 2379 411 2441 in
447 2377 709 2441 homine
745 2375 1265 2460 intellegentiam
1311 2397 1470 2461 esse,
1513 2398 1648 2442 non
1692 2377 2055 2463 avaritiam,
2102 2379 2381 2446 artificii
2503 2421 2504 2428 1

345 2464 675 2548 cupidum,
728 2484 862 2528 non
914 2464 1169 2549 argenti
1221 2463 1441 2529 fuisse.
1521 2464 1660 2530 Nec
1715 2466 1926 2530 solum
1971 2466 2041 2530 in
2085 2466 2380 2552 Papinio
2405 2483 2445 2523 2⁵

342 2552 469 2616 fuit
505 2552 628 2617 hac
665 2551 1089 2635 abstinentia3
1133 2552 1346 2617 tenuit
1382 2552 1505 2617 hoc
1540 2553 1914 2618 institutum
1950 2554 2020 2618 in
2055 2555 2383 2622 turibulis

345 2640 645 2706 omnibus
655 2691 673 2724 ,
729 2662 1165 2724 quaecumque
1219 2640 1291 2704 in
1336 2638 1556 2705 Sicilia
1602 2641 1886 2706 fuerunt.
1973 2641 2383 2710 Incredibile

345 2733 446 2795 est
510 2733 754 2812 autem,
819 2751 1016 2813 quam
1074 2729 1282 2793 multa
1339 2733 1404 2793 et
1462 2751 1656 2813 quam
1709 2730 2047 2814 praeclara
2098 2731 2382 2799 fuerint.
2503 2721 2504 2776 l

346 2816 554 2883 Credo
626 2822 768 2882 tum
778 2867 796 2900 ,
868 2839 1013 2882 cum
1077 2815 1300 2882 Sicilia
1369 2816 1647 2882 florebat
1711 2818 1943 2903 opibus
2009 2822 2075 2883 et
2139 2823 2382 2906 copiiS,

345 2927 586 2992 magna
623 2905 899 2971 artificia
937 2905 1139 2970 fuisse
1183 2906 1254 2969 in
1300 2927 1376 2969 ea
1418 2905 1651 2974 insula.
1722 2904 1895 2971 Nam
1942 2906 2175 2973 domus
2225 2916 2383 2975 erat
2407 2923 2450 2963 ³⁰

344 3000 496 3061 ante
531 2995 732 3060 istum
777 2999 1145 3078 praetorem
1189 2994 1372 3057 nulla
1416 2994 1610 3076 paulo
1657 2994 2070 3079 locupletior,
2118 3018 2260 3081 qua
2308 3000 2384 3063 in

345 3084 534 3148 domo
589 3082 750 3147 haec
802 3104 934 3147 non
990 3085 1231 3164 essent,
1290 3082 1545 3146 etiamsi
1592 3088 1930 3166 praeterea
1972 3084 2142 3148 nihil
2190 3091 2386 3152 esset

344 3171 628 3255 argenti,
698 3170 946 3255 patella
1010 3169 1274 3255 grandis
1339 3192 1486 3234 cum
1550 3170 1786 3256 sigillis
1853 3193 1927 3236 ac
1991 3172 2386 3240 simulacris

344 3258 627 3341 deorum,
668 3262 914 3343 patera,
953 3280 1080 3341 qua
1115 3258 1418 3323 mulieres
1457 3257 1539 3323 ad
1573 3280 1677 3324 res
1715 3259 1966 3324 divinas
2002 3264 2389 3346 uterentur,

342 3344 719 3410 turibulum.
788 3346 1006 3411 Erant
1039 3349 1255 3412 autem
1293 3346 1452 3412 haec
1491 3346 1708 3412 omnia
1746 3348 2012 3432 antiquo
2052 3370 2263 3434 opere
2318 3357 2391 3418 et
2414 3364 2456 3406 ³3

347 3447 597 3525 summo
645 3433 919 3498 artificio
963 3433 1166 3518 facta,
1210 3438 1287 3500 ut
1329 3434 1453 3499 hoc
1500 3435 1723 3500 liceret
1771 3436 2110 3522 suspicari,
2155 3437 2391 3505 fuisse

346 3512 691 3593 aliquando
739 3520 910 3602 apud
952 3518 1202 3587 Siculos
1245 3543 1567 3607 peraeque
1611 3545 1731 3609 pro
1775 3525 2076 3609 portione
2124 3531 2394 3613 cetera,

239 1896 322 2025 {01
