2566 4016
286 205 369 271 16
820 204 963 259 PRO
999 202 1435 270 P.QU1NCT10
1473 201 1762 260 ORATIO.

282 349 615 435 praedicat
651 351 717 413 et
752 348 1037 431 pretium
1083 345 1368 429 conficit,
1413 345 1564 411 huic
1610 337 2101 411 acerbissimum
2146 347 2298 413 vivo

281 438 656 521 videntique
707 433 903 500 funus
960 434 1239 517 ducitur,
1295 434 1351 498 si
1403 433 1598 497 funus
1652 434 1718 497 id
1762 432 2134 499 habendum
2181 440 2300 519 est,

285 547 413 610 quo
440 546 574 589 non
610 524 822 589 amici
836 523 1227 589 conveniunt
1263 522 1347 586 ad
1384 521 1721 605 exsequias
1760 521 2299 609 cohonestandas,

285 614 398 677 sed
434 614 753 677 bonorum
792 615 1116 696 emptores
1153 614 1227 674 ut
1263 609 1596 676 carnifices
1639 609 1720 676 ad
1765 610 2076 694 reliquias
2121 612 2297 677 vitae

183 756 265 821 16
286 700 661 766 lacerandas
708 702 775 765 et
821 698 1291 764 distrahendas.
2326 716 2352 758 ⁶

181 835 247 883 51
417 787 649 872 Itaque
704 786 982 853 maiores
1036 786 1247 851 nostri
1297 807 1446 851 raro
1491 785 1560 851 id
1604 785 1889 851 accidere
1933 787 2303 869 voluerunt,

286 880 618 961 praetores
628 926 646 959 ,
696 879 771 940 ut
814 873 1216 941 considerate
1259 874 1472 958 fieret,
1523 878 2079 959 comparaverunt.
2153 875 2301 941 Viri

286 964 443 1029 boni
478 986 624 1030 cum
668 964 889 1047 palam
932 961 1345 1045 fraudantur,
1391 975 1537 1027 cum
1582 962 1957 1045 experiundi
2000 966 2295 1047 potestas

285 1073 418 1116 non
472 1056 597 1133 est,
651 1051 877 1116 timide
929 1055 1151 1116 tamen
1207 1054 1274 1114 et
1318 1049 1783 1134 pedetemptim
1828 1050 1997 1115 istuc
2043 1051 2296 1115 descen-

288 1140 448 1203 dunt
481 1140 550 1204 vi
587 1161 662 1205 ac
696 1139 1083 1206 necessitate
1119 1137 1346 1221 coacti,
1380 1138 1598 1221 inviti,
1643 1137 1868 1202 multis
1911 1138 2295 1204 vadimoniis
2323 1158 2380 1198 ιο

288 1228 587 1311 desertis,
651 1248 842 1312 saepe
894 1226 1075 1291 illusi
1130 1247 1228 1291 ac-
1258 1226 1582 1309 destituti3
1641 1226 2051 1291 considerant
2104 1227 2296 1312 enim,

287 1315 443 1399 quid
479 1320 547 1380 et
583 1319 899 1399 quantum
944 1315 1032 1380 sit
1077 1314 1372 1379 alterius
1395 1314 1567 1379 bona
1612 1314 2032 1398 proscribere.
2105 1314 2298 1401 Iugu-

286 1404 421 1468 lare
451 1404 656 1468 civem
682 1425 763 1468 ne
789 1404 929 1468 iure
957 1402 1216 1487 quidem
1245 1401 1589 1485 quisquam
1616 1402 1826 1467 bonus
1854 1402 2016 1485 vult,
2042 1404 2297 1468 mavult

285 1491 779 1556 commemorari
806 1512 895 1573 se,
930 1512 1075 1555 cum
1112 1493 1337 1575 posset
1371 1490 1655 1574 perdere,
1689 1490 2053 1575 pepercisse
2081 1512 2294 1574 quam,

286 1600 432 1644 cum
490 1599 753 1663 parcere
806 1578 1121 1663 potuerit,
1184 1577 1556 1679 perdidisse.
1645 1576 1825 1643 Haec
1876 1578 1946 1642 in
1997 1577 2293 1643 homines
2325 1596 2378 1637 ιο

285 1666 747 1749 alienissimOS,
803 1666 1075 1750 denique
1130 1665 1615 1731 inimicissimos
1670 1666 1796 1730 viri
1848 1666 2017 1730 boni
2046 1666 2296 1732 faciunt

286 1758 354 1820 et
406 1754 743 1820 hominum
801 1754 1302 1819 existimationis
1350 1758 1417 1818 et
1462 1754 1820 1820 communis
1866 1753 2295 1819 humanitatis

283 1864 496 1927 causa,
533 1846 624 1925 ut,
661 1864 807 1908 cum
833 1842 963 1927 ipsi
985 1841 1153 1906 nihil
1191 1842 1384 1906 alteri
1421 1842 1695 1907 scientes
1732 1842 2297 1927 incommodarint,

282 1931 450 1995 nihil
493 1931 654 2016 ipsis
700 1931 839 1996 iure
883 1929 1274 1995 incommodi
1321 1928 1547 1995 cadere
1590 1930 1818 2015 possit.

179 2030 247 2080 52
460 2019 566 2084 Ad
622 2019 1063 2085 vadimonium
1119 2040 1252 2084 non
1306 2019 1498 2084 venit.
1591 2018 1791 2094 Quis?
1867 2018 2294 2104 Propinquus,
2322 2036 2379 2078 20

283 2106 356 2173 Si
409 2129 512 2174 res
567 2108 698 2172 ista
754 2108 1142 2193 gravissima
1197 2129 1316 2171 sua
1369 2110 1602 2190 sponte
1656 2106 2010 2190 videretur,
2073 2111 2295 2172 tamen

284 2197 421 2262 eius
451 2196 760 2261 atrocitas
787 2194 1279 2260 necessitudinis
1307 2195 1567 2260 nomine
1595 2194 1942 2261 levaretur.
1990 2194 2096 2259 Ad
2120 2194 2294 2260 vadi-

284 2284 574 2348 monium
608 2304 742 2347 non
777 2282 972 2347 venit.
1045 2280 1245 2356 Quis?
1293 2279 1535 2349 Socius.
1605 2281 1828 2347 Etiam
1870 2284 2134 2368 gravius
2180 2284 2295 2348 ali-

287 2370 443 2454 quid
501 2370 561 2434 ei
620 2370 884 2435 deberes
943 2371 1315 2454 concedere,
1375 2371 1634 2455 quicum
1691 2374 1770 2436 te.
1819 2375 1932 2436 aut
1990 2372 2293 2436 voluntas

284 2463 750 2543 congregasset
778 2462 892 2523 aut
916 2458 1181 2524 fortuna
1208 2459 1664 2524 coniunxisset.
1719 2457 1824 2524 Ad
1855 2459 2294 2525 vadimonium
2322 2476 2378 2518 25

282 2567 415 2611 non
472 2546 667 2611 venit.
759 2545 960 2621 Quis?
1021 2546 1116 2631 Is,
1175 2547 1288 2631 qui
1345 2547 1470 2611 tibi
1526 2550 1790 2631 praesto
1845 2566 2099 2632 semper
2149 2547 2296 2614 fuit.

281 2633 460 2720 Ergo
497 2634 567 2698 in
603 2656 768 2718 eum,
813 2635 925 2719 qui
960 2636 1161 2699 semel
1197 2634 1322 2699 hoc
1359 2635 1702 2719 commisit,
1746 2639 1821 2699 ut
1860 2635 1985 2699 tibi
2027 2639 2293 2721 praesto

280 2744 415 2788 non
451 2726 650 2801 esset,
696 2723 914 2788 omnia
957 2723 1093 2787 tela
1136 2723 1494 2806 coniecisti,
1540 2744 1705 2806 quae
1745 2726 1983 2806 parata
2027 2727 2179 2787 sunt
2223 2724 2297 2788 in

284 2832 423 2895 008,
501 2811 611 2895 qui
730 2811 1009 2877 ermulta
1076 2811 1248 2875 male
1318 2811 1553 2896 agendi
1588 2830 1784 2874 causa
1824 2810 2295 2896 fraudandique

178 2908 245 2956 53
281 2899 615 2964 fecerunt?
682 2833 764 2963 gi
804 2899 1164 2983 dupondius
1211 2902 1362 2963 tuus
1410 2906 1737 2983 ager-etur,
1784 2896 1927 2964 Sex.
1961 2897 2189 2984 Naevi,
2235 2899 2295 2964 si
2324 2918 2381 2959 ao

280 2987 351 3051 in
404 2987 680 3072 parvula
732 3008 802 3051 re
856 2987 1176 3070 captionis
1225 2987 1473 3070 aliquid
1518 3008 1836 3071 vererere,
1888 3008 2021 3051 non
2066 2987 2295 3053 statim

283 3075 367 3139 ad
395 3073 465 3139 G.
484 3074 823 3158 Aquilium
852 3077 965 3140 aut
994 3075 1078 3139 ad
1106 3096 1329 3140 eorum
1367 3075 1667 3160 aliquem,
1704 3075 1817 3160 qui
1852 3076 2296 3160 consuluntur,

281 3163 760 3228 concurrisses?
807 3184 952 3227 cum
998 3162 1100 3227 ius
1147 3162 1497 3248 amicitiae,
1545 3163 1875 3229 societatis
1888 3214 1905 3246 ,
1951 3163 2295 3229 affinitatis

283 3254 611 3334 ageretur,
677 3272 823 3316 cum
887 3249 1085 3317 officii
1147 3251 1469 3316 rationem
1533 3256 1729 3336 atque
1793 3251 2297 3327 existimationis

282 3338 428 3402 duci
472 3338 870 3423 conveniret,
924 3360 1000 3402 eo
1044 3342 1340 3423 tempore
1384 3342 1459 3402 tu
1503 3360 1637 3403 non
1680 3339 1874 3405 modo
1918 3361 2052 3404 non
2096 3340 2178 3405 ad
2224 3337 2296 3405 O.
2329 3359 2388 3400 aa

279 3424 616 3509 Aquilium
644 3429 757 3490 aut
783 3426 855 3491 L.
873 3425 1192 3491 Lucilium
1220 3426 1556 3510 rettulisti,
1594 3426 1707 3491 sed
1736 3448 1819 3492 ne
1855 3427 1996 3513 ipse
2034 3427 2299 3512 quidem

280 3516 348 3577 te
376 3513 776 3596 consuluisti,
810 3535 893 3579 ne
919 3514 1043 3579 hoc
1077 3515 1335 3599 quidem
1372 3518 1586 3583 tecum
1624 3515 1879 3583 locutus
1918 3537 2013 3580 es:
2052 3515 2301 3582 ‘Horae
