2566 4016
268 147 393 213 198
467 148 547 201 m
583 147 640 203 c.
678 146 985 201 VERREM
1022 146 1181 204 Aer.
1219 147 1287 200 11.
1352 147 1484 202 Lm.
1525 147 1552 200 1
1632 147 1690 202 C.
1730 114 1874 215 εις
1908 153 2027 215 157,
2074 154 2192 204 158.

264 291 363 357 tui
418 292 715 356 deterret.
813 291 964 357 Non
1027 292 1236 357 dicam
1290 291 1384 373 id,
1448 290 1620 375 quod
1681 291 1961 376 probare
2020 291 2286 358 difficile

265 383 393 462 est3
454 379 579 445 hoc
638 380 873 462 dicam,
938 380 1110 464 quod
1163 379 1503 444 ostendam
1558 379 1800 444 multos
1857 400 1935 443 ex
1987 383 2055 444 te
2108 381 2284 446 viros

263 468 610 553 primarios
667 468 949 551 audisse,
1010 489 1154 533 cum
1208 467 1452 532 diceres
1498 467 1751 553 ignosci
1795 467 1920 531 tibi
1967 472 2286 553 oportere,

265 555 438 639 quod
499 555 741 620 falsum
805 556 1087 621 codicem
1150 555 1530 639 protuleris3
1605 576 1785 639 nam,
1849 577 1977 640 qua
2040 557 2284 622 invidia

264 641 334 708 O.
387 642 611 708 Iunius
667 644 1122 730 conflagravit,
1177 665 1281 726 ea,
1329 643 1457 708 nisi
1510 643 1935 727 providisses,
1988 643 2114 708 tibi
2158 645 2283 728 ipsi
2309 662 2334 704 5

162 748 263 800 158
299 734 443 796 tum
477 731 876 817 pereundum
909 732 1159 796 fuisset.
1239 729 1386 797 Hoc
1423 731 1615 796 modo
1652 731 1777 795 iste
1820 731 1947 796 sibi
1983 736 2049 796 et
2087 734 2283 798 saluti

256 840 418 884 ‘suae
453 820 822 903 prospicere
861 820 1083 885 didicit
1119 819 1451 884 referendo
1489 819 1560 883 in
1596 820 1855 884 tabulas
1895 824 1960 884 et
1991 821 2282 905 privatas

264 911 331 972 et
382 907 677 991 publicas
686 958 704 991 ,
761 908 933 991 quod
993 911 1250 993 gestum
1304 928 1436 973 non
1483 910 1684 990 esset,
1738 908 2057 991 tollendo,
2111 908 2282 993 quod

263 998 452 1077 esset,
489 999 555 1059 et
583 1016 837 1081 semper
874 995 1119 1080 aliquid
1156 995 1486 1078 demendo,
1524 995 1854 1080 mutand0,
1890 997 2280 1080 interpolan-

262 1083 373 1165 do;
437 1103 511 1148 eo
568 1083 739 1148 enim
798 1105 1000 1168 usque
1059 1084 1501 1169 progreditur,
1563 1087 1639 1148 ut
1700 1106 1783 1148 ne
1847 1083 2279 1150 defensionem
2312 1102 2366 1144 ιο

264 1170 524 1254 quidem
578 1172 1042 1237 maleficiorum
1097 1193 1362 1236 suorum
1418 1171 1555 1236 sine
1615 1172 1763 1236 aliis
1808 1172 2141 1238 maleficiis
2187 1194 2282 1237 re·

261 1259 472 1341 perire
512 1260 738 1342 possit.
818 1260 978 1325 Eius
1026 1260 1203 1325 modi
1248 1259 1782 1326 subsortitionem
1826 1260 2022 1325 homo
2070 1281 2283 1326 amen·

263 1347 558 1411 tissimus
624 1369 887 1413 suorum
952 1370 1205 1433 quoque
1271 1348 1555 1415 iudicum
1625 1348 1765 1413 fore
1836 1349 2094 1432 putavit
2149 1371 2283 1434 per

264 1434 554 1498 sodalem
591 1457 777 1500 suum
816 1435 888 1511 Q.
918 1434 1231 1520 Curtium,
1279 1436 1558 1502 iudicem
1596 1437 1993 1520 quaestionis
2043 1439 2281 1521 [suae];

262 1521 367 1586 cui
411 1521 540 1585 nisi
584 1532 705 1607 ego
753 1523 818 1588 vi
860 1524 1088 1608 populi
1134 1529 1329 1608 atque
1374 1525 1710 1590 hominum
1758 1526 2039 1591 clamore
2086 1529 2281 1610 atque
2311 1541 2364 1584 1⁵

263 1609 552 1674 convicio
598 1611 1003 1695 restitissem,
1049 1634 1125 1676 ex
1170 1613 1294 1678 hac
1330 1613 1586 1678 decuria
1622 1617 1858 1698 vestra,
1904 1614 2082 1679 cuius
2120 1613 2284 1679 mihi

263 1697 518 1780 copiam
565 1720 759 1782 quam
806 1700 1172 1786 largissime
1217 1699 1461 1767 factam
1508 1702 1881 1786 oportebat,
1938 1723 2100 1786 quos
2155 1702 2281 1767 iste

265 1785 596 1870 adnuerat,
638 1786 708 1853 in
749 1810 937 1854 suum
974 1789 1317 1855 consilium
1354 1790 1491 1855 sine
1521 1811 1715 1856 causa
1742 1790 2280 1856 subsortiebatur.
