2566 4016
738 211 874 266 LIB.
913 211 990 267 IV
1045 210 1194 307 OAP.
1233 218 1440 266 35-37
1479 219 1509 278 ξ
1548 218 1773 268 77-80.
2103 215 2231 280 397

219 356 291 421 Ρ.
328 355 648 441 Africani,
698 356 823 420 viri
867 355 1238 438 fortissimi,
1283 377 1503 420 rerum
1550 360 1884 441 gestarum
1933 359 2231 444 gloriam,

223 445 600 510 memoriam
655 444 947 528 virtutis,
1001 446 1423 508 monumenta
1474 443 1786 509 victoriae
1843 442 1914 510 O.
1962 446 2230 513 Verrem

221 533 578 598 sustulisse.
670 531 855 606 Quod
917 554 1063 598 cum
1116 532 1231 596 isti
1283 532 1766 596 renuntiaretur
1820 533 1898 598 de
1953 533 2099 598 basi
2154 558 2229 601 ac
2269 548 2334 596 79

221 621 487 704 litteris,
534 620 932 685 existimavit
976 620 1270 684 homines
1319 620 1388 684 in
1434 619 1828 686 oblivionem
1873 622 2079 686 totius
2124 645 2230 687 ne·

165 726 193 767 5
221 709 387 795 gotii
423 729 563 773 esse
598 712 926 791 venturos,
973 708 1030 772 si
1069 709 1268 773 etiam
1314 707 1527 772 basim
1570 710 1908 791 tamquam
1952 709 2229 775 indicem

223 799 323 862 sui
370 797 639 865 ‚sceleris
695 797 1083 861 sustulisset.
1172 795 1404 880 Itaque
1459 796 1817 861 tollendam
1870 797 2060 862 istius
2113 799 2231 863 im-

266 886 401 951 erio
429 886 832 968 locaverunt3
871 906 1035 969 quae
1060 884 1248 949 vobis
1277 885 1521 949 locatio
1557 904 1635 948 ex
1670 884 1949 969 publicis
1988 886 2228 951 litteris

218 908 726 1059 Segestanorum
769 973 986 1058 priore
1033 973 1287 1038 actione
1333 972 1606 1038 recitata
1652 977 1770 1037 est.

354 1061 444 1126 Te
489 1082 678 1143 nunc,
722 1060 794 1124 P.
831 1059 1065 1145 Scipio,
1109 1064 1195 1143 te,
1239 1061 1523 1143 inquam,
1572 1060 1999 1126 lectissimum
2047 1083 2230 1127 orna·
2250 1060 2335 1123 36

138 1168 194 1208 ιο
218 1150 674 1231 tissimumque
735 1148 1236 1230 adulescentem,
1302 1148 1589 1248 appello,
1652 1148 1769 1212 abs
1824 1153 1893 1213 te
1946 1148 2232 1215 officium

220 1242 408 1300 tuum
471 1234 761 1299 debitum
825 1235 1049 1336 generi
1113 1239 1180 1299 et
1240 1236 1490 1299 nomini
1553 1235 1811 1319 requiro
1864 1239 1931 1299 et
1985 1236 2231 1323 flagito.

222 1321 355 1388 Cur
389 1345 510 1407 pro
546 1323 696 1407 isto,
733 1323 844 1406 qui
880 1322 1138 1387 laudem
1174 1322 1615 1406 honoremque
1650 1322 1939 1389 familiae
1976 1328 2231 1390 vestrae

183 1411 638 1495 depeculatus
687 1415 811 1494 est,
867 1431 1146 1497 pugnaS,
1193 1432 1307 1476 cur
1355 1430 1499 1475 eum
1546 1411 1880 1496 defensum
1926 1432 2067 1479 esse
2113 1413 2232 1497 vis,

222 1521 335 1564 cur
363 1520 397 1562 e
446 1521 485 1564 o
513 1503 661 1563 tuas
696 1499 903 1583 partis
942 1499 1241 1583 suscipi0,
1278 1520 1395 1564 cur
1427 1502 1614 1563 tuum
1653 1521 1885 1564 munus
1925 1500 2232 1583 sustine0‚

139 1605 192 1646 15
221 1609 335 1652 cur
397 1520 483 1652 {L
537 1587 789 1651 Tullius
842 1587 912 1651 P.
959 1586 1253 1651 Africani
1317 1591 1736 1653 monumenta
1798 1589 2098 1672 requirit,
2159 1588 2233 1653 Ρ.

220 1674 436 1760 Scipio
500 1697 674 1759 eum,
740 1675 850 1759 qui
912 1676 1032 1739 illa
1092 1675 1384 1758 sustulit,
1448 1674 1778 1739 defendit?
1869 1675 2034 1741 Cum
2089 1698 2231 1741 mos

221 1785 260 1828 a
306 1763 660 1828 maioribus
705 1764 985 1828 traditus
1033 1764 1139 1845 sit,
1183 1767 1258 1827 ut
1306 1767 1726 1827 monumenta
1771 1764 2091 1828 maiorum
2135 1765 2232 1829 ita

222 1871 487 1914 suorum
552 1852 821 1934 quisque
885 1848 1214 1931 defendat,
1278 1854 1352 1913 ut
1415 1872 1492 1913 ea
1553 1870 1635 1912 ne
1699 1850 1919 1914 ornari
1974 1850 2231 1933 quidem

220 1937 482 2001 nomine
521 1937 798 2000 aliorum
836 1937 1026 2019 sinat,
1061 1942 1137 2001 tu
1171 1938 1286 2000 isti
1324 1936 1552 2020 aderis,
1590 1935 1701 2020 qui
1736 1954 1869 2001 non
1904 1938 2231 2003 obstruxit

137 2044 193 2084 ιο
223 2026 443 2110 aliqua
492 2046 570 2090 ex
613 2029 801 2110 parte
847 2029 1265 2089 monumento
1311 2023 1381 2087 P.
1423 2022 1768 2108 Scipionis,
1825 2026 1937 2089 sed
1981 2026 2049 2091 id
2091 2027 2232 2092 fun·

222 2115 394 2179 ditus
452 2113 690 2177 delevit
745 2133 819 2177 ac
871 2112 1180 2176 sustulit?
1271 2112 1586 2189 Quisnam
1631 2112 1860 2197 igitur,
1914 2136 2031 2197 per
2076 2114 2230 2180 deos
2269 2129 2337 2178 80

218 2202 628 2267 inmortales!
698 2200 991 2264 tuebitur
1041 2199 1110 2267 P.
1160 2199 1479 2285 Scipionis
1536 2200 1917 2265 memoriam
1971 2204 2232 2288 mortui,

222 2290 367 2373 quis
423 2293 841 2354 monumenta
895 2292 1089 2373 atque
1142 2288 1380 2353 indicia
1433 2287 1725 2372 virtutis,
1782 2289 1840 2353 si
1893 2293 1968 2353 tu
2014 2311 2091 2355 ea
2134 2313 2230 2355 re-

221 2378 461 2461 linquis
533 2398 608 2441 ac
678 2376 918 2441 deseris
986 2398 1103 2441 nec
1167 2377 1380 2441 solum
1444 2376 1726 2459 spoliata
1787 2376 1908 2442 illa
1966 2380 2231 2463 pateris,

135 2483 192 2524 2⁵
222 2466 334 2531 sed
363 2486 586 2531 eorum
615 2466 866 2545 [etiam]
902 2466 1327 2549 spoliatorem
1362 2468 1861 2566 vexatoremque
1900 2466 2231 2532 defendis?

219 2553 479 2619 Adsunt
531 2551 900 2655 Segestani,
964 2553 1230 2619 clientes
1285 2552 1410 2636 tui,
1465 2552 1623 2618 socii
1676 2554 1901 2639 populi
1953 2555 2231 2621 Romani

220 2648 415 2726 atque
443 2642 660 2725 amici3
699 2642 1038 2706 certiorem
1075 2645 1141 2705 te
1176 2640 1426 2706 faciunt
1452 2639 1522 2704 Ρ.
1542 2639 1925 2706 Africanum
1953 2642 2231 2708 Kartha-

221 2730 371 2828 gine
426 2729 638 2793 deleta
695 2730 1111 2795 simulacrum
1157 2728 1409 2793 Dianae
1466 2729 1819 2793 maioribus
1868 2730 2001 2792 suis
2047 2732 2230 2794 resti-

219 2816 442 2898 tuisse,
475 2816 668 2899 idque
705 2817 874 2900 apud
913 2815 1307 2901 Segestanos
1343 2816 1480 2879 eius
1516 2816 1933 2899 imperatoris
1970 2818 2229 2883 nomine

132 2924 193 2966 so
220 2903 508 2989 positum
537 2925 612 2968 ac
640 2903 1002 2968 dedicatum
1037 2903 1266 2986 fuisse3
1301 2902 1427 2967 hoc
1445 2901 1717 2966 Verrem
1755 2903 2228 2970 demoliendum

221 2997 286 3057 et
351 2990 817 3076 asportandum
878 3012 1240 3073 nomenque
1305 2989 1569 3054 omnino
1626 2989 1697 3055 P.
1743 2988 2062 3076 Scipionis
2128 2993 2229 3058 de-

220 3080 482 3145 lendum
505 3078 994 3162 tollendumque
1013 3098 1301 3160 curasse3
1329 3081 1521 3142 orant
1547 3081 1614 3142 te
1644 3081 1839 3163 atque
1869 3079 2229 3166 obsecrant,

219 3172 294 3233 ut
335 3167 461 3233 sibi
506 3166 906 3252 religionem,
953 3166 1174 3252 generi
1218 3170 1332 3230 tuo
1379 3165 1636 3229 laudem
1683 3167 2088 3252 gloriamque
2134 3191 2227 3234 re-

220 3256 482 3339 stituas,
537 3259 637 3339 ut,
692 3255 862 3338 quod
915 3276 1034 3341 per
1077 3254 1147 3318 P.
1185 3253 1568 3320 Africanum
1613 3275 1691 3318 cx
1734 3256 1895 3320 urbe
1938 3256 2227 3322 hostium

130 3362 190 3405 ³5
218 3343 676 3429 recuperarint,
720 3342 789 3407 id
823 3364 939 3427 per
983 3348 1050 3407 te
1096 3364 1173 3407 ex
1218 3342 1562 3428 praedonis
1609 3342 1800 3411 domo
1846 3365 2227 3410 conservare

217 3432 489 3517 possint.
579 3430 748 3507 Quid
810 3435 924 3496 aut
984 3435 1059 3496 tu
1113 3431 1217 3495 his
1271 3430 1658 3515 respondere
1713 3432 1985 3499 honeste
2038 3437 2226 3519 potes
2248 3439 2331 3503 37

218 3524 333 3584 aut
384 3520 488 3584 illi
540 3519 778 3603 facere,
830 3520 960 3585 nisi
1013 3522 1086 3584 ut
1130 3523 1197 3584 te
1244 3542 1319 3585 ac
1363 3520 1557 3585 fidem
1603 3524 1786 3586 tuam
1832 3522 2226 3607 implorent?
