2566 4016
797 170 934 225 ΜΒ.
974 170 1027 225 11
1102 170 1252 227 cAP.
1283 178 1421 226 3-5
1459 177 1489 239 ς
1528 179 1717 228 7—13.
1779 130 1785 137 ’
2127 174 2259 241 203

238 314 641 398 consulibua,
689 336 852 397 quae
891 337 1023 379 non
1063 316 1426 399 postulata,
1472 317 1585 381 sed
1630 318 1700 381 in
1742 318 1942 382 istum
1989 318 2260 384 crimina

237 403 610 469 viderentur
672 423 840 486 esse,
906 403 1256 467 ediderunt.
1347 403 1662 469 Fecerunt
1718 406 1943 489 etiam,
2007 410 2082 470 ut
2138 429 2260 490 me,

236 492 416 557 cuius
481 490 677 555 fidem
733 490 1327 574 continentiamque
1391 497 1858 577 cognoverant,
1920 515 2122 578 prope
2182 495 2259 559 de

237 581 412 644 vitae
471 599 654 642 meae
710 582 888 643 statu
944 578 1167 644 dolore
1222 601 1298 644 ac
1341 579 1629 645 lacrimis
1678 581 1810 645 suis
1858 581 2261 664 deducerent,

187 683 212 724 ⁶
238 671 312 732 ut
359 686 483 751 ego
529 666 733 730 istum
778 688 1167 749 accusarem,
1212 690 1252 732 a
1298 689 1425 751 quo
1472 689 1616 733 mea
1663 669 2042 754 longissime
2087 670 2258 733 ratio

240 755 672 837 voluntasque
702 754 1127 837 abhorrebat3
1157 777 1552 839 quamquam
1579 756 1648 820 in
1675 756 1799 821 hac
1827 778 2022 822 causa
2049 758 2257 821 multo

237 843 458 928 plures
494 845 719 926 partes
756 842 920 906 mihi
966 842 1357 907 defensionis
1405 865 1601 927 quam
1648 845 2076 909 accusationis
2123 866 2259 911 sus-

238 931 484 1015 cepisse
547 929 795 1012 videor3
857 933 1189 1015 postremo
1246 952 1326 995 ex
1378 934 1523 996 tota
1575 932 1910 1016 provincia
1962 932 2257 997 homines
2300 945 2362 994 11

235 1018 632 1084 nobilissimi
668 1044 675 1049 ·
705 1018 1026 1102 primique
1096 1018 1355 1102 publice
1427 1020 1865 1104 privatimque
1927 1024 2260 1104 venerunt,

163 1123 214 1164 ιο
240 1107 630 1208 gravissima
658 1109 855 1189 atque
884 1106 1291 1189 amplissima
1328 1128 1617 1191 quaeque
1654 1108 1885 1173 civitas
1922 1107 2260 1173 vehemen-

239 1194 492 1260 tissime
540 1215 691 1258 suas
737 1194 1008 1258 iniurias
1053 1197 1396 1277 persecuta
1442 1201 1559 1259 est.

375 1281 468 1345 At
515 1303 706 1364 quem
754 1283 836 1346 ad
877 1280 1167 1364 modum,
1211 1281 1483 1365 iudices,
1529 1283 1887 1347 venerunt?
1970 1262 2213 1347 Videor
2250 1284 2364 1352 (11)

243 1369 416 1434 enim
445 1369 707 1450 [mihi]
689 1392 821 1434 1am
848 1369 1116 1433 liberius
1147 1369 1320 1469 apud
1352 1391 1470 1434 vos
1506 1391 1626 1455 pro
1664 1368 1897 1436 Siculis
1936 1371 2118 1455 loqui
2154 1371 2258 1435 de—

241 1458 419 1541 bere,
485 1479 677 1540 quam
741 1457 1022 1522 forsitan
1075 1457 1203 1542 ipsi
1259 1457 1490 1541 velint3
1556 1458 1754 1523 saluti
1810 1459 1982 1524 enim
2036 1459 2256 1542 potius

166 1561 216 1602 1⁵
242 1567 465 1610 eorum
503 1547 838 1612 consulam
878 1567 1073 1629 quam
1113 1546 1459 1611 voluntati.
1530 1545 1819 1630 Ecquem
1866 1547 2256 1612 existimatis

240 1656 550 1718 umquam
596 1634 736 1698 ulla
778 1634 851 1698 in
893 1633 1232 1717 provincia
1277 1655 1460 1698 reum
1508 1635 1845 1699 absentem
1890 1639 2120 1700 contra
2164 1635 2257 1699 in-

242 1722 656 1806 quisitionem
697 1722 1094 1787 accusatoris
1133 1722 1337 1786 tantis
1377 1723 1628 1806 opibus,
1674 1727 1864 1787 tanta
1901 1723 2256 1807 cupiditate

242 1831 382 1874 esse
438 1809 815 1874 defensum?
898 1808 1289 1884 Quaestores
1343 1811 1680 1894 utriusque
1725 1811 2097 1895 provinciae
2145 1809 2258 1893 qui

241 1898 371 1961 isto
391 1901 691 1981 praetore
709 1896 987 1980 fuerant,
1017 1919 1162 1962 cum
1179 1897 1467 1963 fascibus
1492 1897 1654 1961 mihi
1681 1901 1945 1981 praesto
1975 1897 2256 1961 fuerunt.

162 2000 216 2042 2⁰
241 1985 364 2051 His
405 2006 602 2071 porro
652 1986 763 2070 qui
809 1989 1279 2069 successerunt,
1326 1985 1741 2051 vehementer
1786 1986 1977 2050 istius
2024 1985 2256 2069 cupidi,
2297 1999 2361 2049 12

240 2074 601 2139 liberaliter
655 2096 732 2139 ex
775 2075 967 2139 istius
1015 2074 1277 2139 cibariis
1325 2074 1593 2139 tractati
1637 2095 1770 2138 non
1814 2074 2028 2139 minus
2076 2095 2255 2138 acres

242 2166 471 2228 contra
497 2185 601 2227 me
627 2161 909 2228 fuerunt.
973 2160 1224 2246 Videte,
1264 2161 1419 2246 quid
1454 2162 1760 2246 potuerit,
1798 2162 1909 2246 qui
1947 2165 2258 2246 quattuor

238 2251 311 2315 in
351 2272 481 2314 una
524 2251 857 2334 provincia
902 2254 1280 2334 quaestores
1328 2250 1838 2316 studiosissimos
1888 2250 2255 2315 defensores

240 2342 888 2423 propugnatoresque
924 2339 1247 2423 habuerit,
1291 2343 1661 2422 praetorem
1697 2361 1849 2404 vero
1891 2339 2257 2404 cohortem-

160 2440 214 2482 25
243 2446 367 2510 que
404 2430 614 2490 totam
653 2426 745 2492 sic
783 2427 1162 2511 studiosam,
1206 2430 1281 2491 ut
1316 2426 1508 2492 facile
1555 2431 1899 2511 appareret
1939 2449 2072 2492 non
2117 2432 2255 2492 tam

240 2513 377 2578 illis
416 2511 723 2599 Siciliam,
763 2537 958 2600 quam
995 2515 1256 2579 inanem
1295 2514 1716 2598 offenderant,
1760 2538 1955 2600 quam
1983 2515 2255 2582 Verrem

238 2601 483 2685 ipsum,
527 2603 641 2686 qui
676 2604 907 2688 plenus
956 2602 1346 2686 decesserat,
1391 2602 1794 2686 provinciam
1840 2603 2059 2669 fuisse.
2140 2603 2258 2667 Mi-

237 2689 387 2753 nari
440 2687 702 2772 Siculis,
761 2691 818 2754 si
878 2689 1312 2755 decrevissent
1366 2689 1758 2775 legationes,
1812 2713 1976 2774 quae
2031 2693 2259 2755 contra

239 2776 445 2838 istum
500 2774 810 2860 dicerent,
869 2778 1129 2861 minari,
1184 2777 1242 2842 si
1297 2778 1409 2861 qui
1463 2781 1679 2844 essent
1731 2778 2037 2862 profecti,
2092 2777 2258 2858 aliis,

156 2880 212 2921 ao
240 2862 299 2927 si
372 2861 741 2946 laudarent,
811 2865 1276 2950 benignissime
1349 2865 1760 2949 promittere,
1834 2865 2256 2951 gravissimos

237 2951 646 3034 privatarum
683 2972 903 3016 rerum
942 2957 1165 3036 testes,
1212 2953 1446 3037 quibus
1492 2973 1612 3018 nos
1656 2952 2108 3036 praesentibus
2157 2952 2259 3015 de·

238 3037 715 3121 nuntiavimus,
760 3061 870 3104 eos
918 3040 983 3104 vi
1029 3041 1469 3124 custodiisque
1514 3040 1812 3105 retinere.
2294 3088 2337 3153 5

372 3126 550 3202 Quae
607 3149 755 3192 cum
810 3127 1029 3192 omnia
1081 3127 1259 3194 facta
1314 3129 1473 3210 sint,
1527 3131 1749 3193 tamen
1801 3149 2000 3193 unam
2048 3127 2258 3192 solam
2296 3166 2363 3215 13

239 3216 473 3281 scitote
528 3236 670 3280 esse
726 3215 1059 3280 civitatem
1103 3215 1593 3299 Mamertinam,
1649 3238 1813 3299 quae
1868 3215 2126 3299 publice
2172 3215 2258 3279 le·

152 3317 208 3360 ³⁵
237 3308 451 3388 gatOS,
490 3304 601 3388 qui
638 3304 835 3369 istum
881 3303 1240 3386 laudarent,
1287 3304 1557 3368 miserit.
1630 3302 1789 3368 Eius
1830 3307 2048 3368 autem
2084 3302 2259 3388 lega·

235 3391 435 3456 tionis
507 3393 895 3477 principem,
969 3391 1254 3456 civitatis
1328 3391 1811 3456 nobilissimum
1883 3391 2115 3475 civem,
2188 3389 2260 3456 O.

234 3476 501 3564 Heium,
545 3480 833 3546 iuratum
881 3479 1092 3545 dicere
1139 3478 1410 3544 audistis
1457 3479 1571 3544 isti
1614 3499 1848 3546 navem
1895 3480 2257 3546 onerariam
