2566 4016
878 206 1030 264 GAP.
1063 213 1270 263 15-17
1310 215 1340 275 5
1375 215 1600 266 50-56,
2156 212 2238 276 17

242 343 396 412 duae
455 349 741 433 fuerunt3
804 348 1141 424 Quinctius
1207 351 1290 415 ad
1351 353 1793 418 vadimonium
1851 375 1984 420 non
2041 357 2239 421 venit.

243 434 400 509 Quid
450 458 575 524 ago
587 436 645 502 ‘?’
710 434 780 501 Si
833 438 1198 504 mehercule
1251 439 1411 505 haec
1463 444 1679 507 tecum
1734 443 1858 507 duo
1904 443 2104 508 verba
2146 445 2238 510 fe-

241 523 453 589 cisses:
514 524 707 600 ‘Quid
765 546 891 612 ago
902 525 983 604 ⁶?'‚
1036 526 1425 611 respirasset
1483 530 1804 615 cupiditas
1851 534 2046 615 atque
2093 554 2240 597 ava-

238 612 409 697 ritia,
452 614 719 698 paulum
758 614 1004 698 aliquid
1045 615 1173 681 loci
1218 616 1459 681 rationi
1506 621 1572 681 et
1618 618 1888 683 consilio
1937 618 2239 704 dedisses,

185 714 211 757 ⁶
235 702 304 765 tu
354 705 419 765 te
473 702 878 788 collegisses,
930 724 1063 768 non
1115 703 1184 767 in
1230 725 1374 769 eam
1418 706 1888 791 turpitudinem
1933 707 2239 790 venisseS,

231 791 301 852 ut
350 789 474 855 hoc
527 790 652 855 tibi
707 794 879 855 esset
931 791 1104 876 apud
1155 792 1324 857 tales
1369 793 1546 859 viros
1593 794 2055 879 confitendum,
2110 818 2239 880 qua

229 876 349 941 tibi
381 878 824 943 vadimonium
867 900 1001 944 non
1046 879 1134 943 sit
1172 879 1459 966 obitum,
1505 881 1729 948 eadem
1772 888 1839 948 te
1883 883 2049 949 hora
2094 905 2237 950 con-

228 964 442 1030 silium
512 967 760 1051 cepisse
827 967 1110 1032 homim‘s
1173 969 1524 1054 propinqui
1585 971 1883 1037 fortunas
1945 972 2237 1038 funditus

159 1158 207 1199 1⁰
228 1057 531 1229 evm-1333·
556 1164 679 1228 pro
732 1147 799 1208 te
852 1164 1024 1208 nunc
1075 1143 1198 1208 hos
1243 1146 1512 1210 consulo
1558 1152 1710 1230 post
1755 1151 2012 1231 tempus
2058 1152 2126 1211 et
2170 1149 2237 1211 in
2262 1120 2344 1246 15}

230 1230 436 1296 aliena
491 1251 589 1315 re,
645 1231 953 1315 quoniam
1006 1236 1081 1296 tu
1134 1231 1205 1295 in
1256 1236 1374 1297 tua
1427 1253 1523 1315 re,
1577 1255 1722 1297 cum
1774 1238 2032 1317 tempus
2079 1239 2238 1318 erat,

229 1320 560 1384 consulere
624 1319 869 1384 oblitus
934 1340 1030 1403 es;
1095 1341 1334 1403 quaero
1399 1320 1518 1384 abs
1572 1324 1668 1400 te,
1733 1320 1802 1386 C.
1851 1320 2106 1406 Aquili,
2167 1321 2239 1386 L.

117 1437 126 1444 ·
226 1404 449 1491 Lucili,
485 1406 556 1471 P.
575 1405 903 1489 Quinctili,
939 1406 1024 1472 M.
1044 1407 1376 1472 Marcelle:
1413 1406 1875 1474 Vadimonium
1908 1410 2069 1475 mihi
2105 1432 2237 1476 non

228 1495 388 1560 obiit
424 1495 691 1580 quidam
738 1496 948 1560 socius
995 1498 1062 1560 et
1106 1495 1321 1560 affinis
1367 1518 1575 1581 meus,
1620 1498 1879 1581 quicum
1926 1499 2085 1564 mihi
2131 1520 2238 1564 ne-

156 1598 202 1639 15
227 1584 548 1649 cessitudo
602 1587 817 1667 vetuS,
871 1585 1315 1649 controversia
1364 1585 1442 1649 de
1485 1607 1555 1650 re
1600 1587 1972 1672 pecuniaria
2016 1609 2236 1653 recens

225 1671 592 1755 intercedit3
648 1672 996 1757 postulone
1050 1695 1088 1737 a
1140 1676 1469 1758 praetore,
1526 1678 1604 1739 ut
1657 1675 1799 1740 eius
1849 1677 2022 1741 bona
2076 1676 2238 1741 mihi

225 1761 553 1843 possidere
606 1760 825 1843 liceat,
884 1782 995 1843 an,
1050 1782 1195 1825 cum
1250 1760 1498 1826 Romae
1556 1761 1784 1827 domus
1840 1764 2005 1846 eius,
2059 1785 2237 1845 uxor,

227 1848 418 1912 liberi
456 1849 603 1932 sint,
648 1847 910 1913 domum
947 1848 1167 1933 potius
1205 1849 1622 1913 denuntiem?
1695 1849 1864 1925 Quid
1901 1854 2019 1931 est,
2066 1851 2236 1934 quod

225 1935 352 2001 hac
405 1936 662 2003 tandem
718 1935 797 2002 de
850 1958 920 2001 re
974 1936 1161 2001 vobis
1216 1936 1428 2022 possit
1475 1936 1726 2001 videri?
1806 1937 2135 2020 Profect0,
2181 1938 2236 2002 si

149 2041 201 2083 2⁰
225 2029 398 2091 recte
461 2029 747 2090 vestram
805 2025 1166 2090 bonitatem
1225 2028 1420 2108 atque
1474 2024 1887 2108 prudentiam
1943 2027 2237 2112 cognovi,

222 2136 350 2179 non
408 2114 688 2178 multum
733 2135 838 2178 me
880 2113 1086 2196 fallit,
1140 2112 1196 2176 si
1241 2112 1696 2196 consulamini,
1753 2113 1905 2197 quid
1953 2113 2095 2177 sitis
2143 2137 2237 2179 re·

222 2202 554 2287 sponsuri:
617 2201 898 2287 primum
954 2204 1355 2285 exspectare,
1419 2200 1672 2285 deinde,
1732 2201 1790 2265 si
1844 2201 2108 2267 latitare
2163 2224 2237 2269 ac

221 2290 466 2356 diutius
504 2290 833 2355 ludificare
868 2289 1183 2374 videatur,
1229 2289 1471 2355 amicos
1510 2290 1866 2369 convenire,
1912 2312 2238 2375 quaerere,

220 2380 361 2464 quis
394 2382 778 2463 procurator
806 2378 912 2462 sit,
940 2379 1203 2443 domum
1232 2378 1627 2443 denuntiare.
1689 2377 1838 2444 Dici
1864 2379 1972 2444 vix
2000 2384 2238 2465 potest,

145 2483 194 2524 2⁵
221 2480 421 2551 quam
476 2467 687 2531 multa
740 2466 897 2549 sint,
953 2487 1118 2549 quae
1170 2466 1616 2551 respondeatis
1667 2470 1821 2532 ante
1863 2467 2005 2532 fieri
2052 2490 2237 2554 opor·

218 2558 387 2640 tere,
453 2577 649 2639 quam
712 2553 793 2618 ad
856 2554 1023 2619 hanc
1082 2554 1402 2618 rationem
1462 2558 1815 2620 extremam
1874 2558 2236 2622 necessario

217 2643 540 2709 devenire.
596 2641 764 2718 Quid
791 2643 873 2707 ad
899 2642 1061 2707 haec
1078 2640 1410 2707 Naevius?
1448 2642 1642 2707 Ridet
1671 2644 1916 2708 scilicet
1942 2648 2236 2708 nostram
2275 2665 2342 2715 55

218 2731 596 2810 amentiam,
632 2731 745 2814 qui
778 2730 849 2795 in
884 2731 1023 2795 vita
1059 2751 1178 2794 sua
1212 2731 1533 2795 rationem
1572 2732 1805 2796 summi
1844 2731 2042 2796 officii
2078 2731 2239 2796 desi-

219 2820 521 2885 deremus
583 2822 651 2883 et
713 2818 1019 2883 instituta
1080 2818 1371 2883 virorum
1433 2819 1752 2884 bonorum
1816 2819 2240 2903 requiramus.

143 2922 192 2963 ω
218 2907 424 2983 ‘Quid
478 2905 693 2985 mihi',
745 2906 983 2990 inquit,
1040 2906 1217 2971 ‘cum
1269 2907 1403 2971 ista
1457 2909 1764 2988 [summa]
1813 2907 2241 2972 sanctimonia

218 3018 292 3063 ac
341 2995 730 3081 diligentia?
799 2993 1120 3077 viderint’,
1163 2995 1395 3079 inquit,
1440 2995 1593 3060 ‘ista
1638 2995 1853 3061 officia
1897 2995 2020 3059 viri
2065 2995 2240 3078 boni,

218 3084 295 3149 de
343 3105 451 3148 me
499 3087 718 3149 autem
762 3084 859 3147 ita
903 3083 1336 3148 considerent:
1389 3104 1523 3148 non
1568 3084 1722 3168 quid
1767 3082 2072 3167 habeam,
2129 3084 2240 3148 sed

219 3173 460 3256 quibus
498 3172 692 3237 rebus
728 3168 1106 3254 invenerim,
1145 3176 1479 3255 quaerant,
1526 3175 1593 3236 et
1631 3194 1821 3256 quem
1859 3170 1940 3235 ad
1977 3170 2240 3236 modum

214 3265 415 3326 natus
435 3263 504 3325 ct
524 3281 650 3344 quo
671 3263 864 3344 pacto
894 3259 1200 3325 educatus
1229 3260 1371 3325 sim.
1409 3259 1704 3343 Memini3
1733 3262 1918 3325 vetus
1949 3263 2067 3344 est,
2096 3258 2240 3326 “de

138 3362 191 3404 ³⁵
218 3370 493 3415 scurra
528 3348 774 3413 multo
812 3348 1127 3413 facilius
1168 3348 1487 3413 divitem
1527 3370 1749 3432 quam
1784 3351 2083 3433 patrem
2128 3348 2242 3415 fa·

215 3437 484 3502 milias
519 3436 702 3501 fieri
738 3434 1063 3523 posse''.’
1134 3436 1316 3501 Haec
1353 3436 1483 3518 ille,
1519 3436 1576 3499 si
1610 3436 1826 3501 verbis
1863 3458 1995 3504 non
2030 3438 2242 3523 audet,
2280 3458 2348 3508 56

214 3545 289 3589 re
321 3525 581 3610 quidem
609 3547 765 3591 vera
790 3526 1011 3611 palam
1038 3525 1348 3609 loquitur.
1407 3523 1670 3590 Etenim
1701 3526 1757 3590 si
1783 3525 1928 3591 vult
1955 3526 2242 3593 virorum

327 3637 437 3679 010.
465 3638 530 3682 11.
560 3640 598 3680 1.
1776 3635 1809 3684 2
