2566 4016
941 280 962 287 .,
1022 230 1174 287 CAP.
1218 239 1273 300 1,
1311 239 1344 287 2
1383 238 1413 298 ς
1452 238 1602 287 1-5,
2187 234 2315 299 123

292 373 774 460 praedicatione
844 375 1201 441 absolutus.
1305 375 1475 442 Huic
1538 397 1661 462 ego
1727 399 1984 461 causae,
2053 379 2313 463 iudices,

293 485 443 529 eum
479 484 735 528 summa
777 464 1118 529 voluntate
1163 468 1231 528 et
1277 466 1723 548 expectatione
1772 466 2000 551 populi
2034 466 2314 533 Romani

294 555 479 617 actor
531 551 803 636 accessi,
853 573 987 617 non
1042 556 1115 617 ut
1166 573 1471 638 augerem
1515 552 1827 618 invidiam
1873 554 2146 638 ordinis,
2201 555 2314 620 sed

293 643 372 705 ut
414 637 723 704 infamiae
769 640 1096 705 communi
1140 661 1595 706 succurrerem.
1678 641 1938 706 Adduxi
1983 643 2156 707 enim
2200 643 2312 708 ho-

239 746 265 785 5
294 727 555 811 minem,
600 727 669 791 in
707 749 834 810 quo
870 727 1288 794 reconciliare
1334 729 1883 795 existimationem
1927 729 2311 796 iudiciorum

296 815 625 899 amissam,
661 815 924 880 redire
906 839 974 880 ιιι
1011 817 1296 902 gratiam
1328 839 1478 882 cum
1513 818 1754 901 populo
1791 817 2107 902 Romano,
2149 818 2311 884 satis

292 903 507 969 facere
527 904 762 968 exteris
780 904 1155 969 nationibus
1182 904 1482 989 possetis,
1509 905 2029 990 depeculatorem
2059 907 2313 991 aerarii,

294 995 669 1056 vexatorem
714 991 913 1056 Asiae
968 996 1165 1076 atque
1209 991 1661 1078 Pamphyliae,
1715 994 2106 1078 praedonem
2150 996 2310 1059 iuris

292 1078 546 1163 urbani,
583 1079 801 1144 labem
838 1083 1035 1165 atque
1070 1080 1421 1164 perniciem
1457 1082 1826 1166 provinciae
1860 1078 2140 1147 Siciliae.
2212 1083 2310 1148 De
2350 1097 2380 1146 3

213 1187 266 1226 ιο
296 1188 425 1252 quo
463 1167 521 1231 si
555 1188 673 1232 vos
715 1188 935 1232 severe
982 1189 1055 1232 ac
1101 1168 1408 1253 religiose
1452 1169 1910 1252 iudicaveritis,
1956 1171 2310 1235 auctoritas

294 1278 391 1339 ea,
437 1276 601 1339 quae
636 1255 708 1319 in
742 1255 929 1320 vobis
973 1277 1307 1320 remanere
1353 1256 1563 1340 debet,
1608 1257 1932 1340 haerebit3
1975 1258 2074 1321 sin
2119 1258 2310 1324 istius

294 1344 594 1430 ingentes
650 1342 914 1408 divitiae
967 1343 1351 1408 iudiciorum
1402 1344 1786 1430 religionem
1840 1345 2311 1430 veritatemque

293 1430 755 1517 perfregerint,
817 1452 941 1517 ego
1005 1432 1129 1496 hoc
1194 1436 1418 1496 tamen
1478 1454 1813 1516 assequar,
1874 1437 1950 1497 ut
2003 1433 2311 1500 iudicium

293 1519 516 1604 potius
552 1519 649 1583 rei
681 1519 984 1604 publicae
1021 1541 1217 1603 quam
1253 1524 1369 1584 aut
1405 1542 1552 1584 reus
1599 1521 1919 1586 iudicibus
1966 1526 2081 1587 aut
2130 1544 2310 1588 accu-

215 1628 267 1668 15
297 1611 480 1673 sator
524 1628 637 1672 reo
683 1607 963 1672 defuisse
1007 1608 1320 1673 videatur.

428 1694 764 1779 Equidem,
810 1699 885 1760 ut
922 1696 999 1760 de
1038 1718 1140 1760 me
1187 1697 1518 1781 confitear,
1565 1696 1825 1780 iudiceS,
1872 1720 2017 1763 cum
2066 1699 2310 1764 multae
2350 1699 2391 1761 2

296 1783 459 1849 mihi
512 1806 553 1848 a
607 1781 675 1848 O.
721 1782 927 1849 Verre
987 1784 1259 1849 insidiae
1318 1788 1495 1849 terra
1548 1785 1841 1868 marique
1893 1785 2106 1850 factae
2161 1786 2311 1870 sint,

300 1892 462 1955 quas
523 1871 766 1956 partim
829 1894 974 1937 mea
1028 1872 1370 1958 diligentia
1424 1872 1794 1956 devitarim,
1855 1873 2100 1957 partim
2155 1875 2312 1938 ami·

299 1981 522 2026 eoru-m
566 1959 781 2026 studio
829 1959 1168 2045 officioque
1213 1959 1637 2045 reppulerim,
1690 1981 2045 2044 numquam
2091 1965 2313 2027 tamen

214 2070 270 2111 ιο
295 2070 503 2133 neque
547 2053 807 2115 tantum
853 2049 1212 2135 periculum
1256 2048 1420 2113 mihi
1467 2047 1644 2113 adire
1689 2049 1868 2113 visus
1914 2070 2060 2114 sum
2103 2072 2310 2134 neque

295 2141 485 2203 tanto
525 2159 719 2222 opere
755 2138 1077 2223 pertimui,
1120 2140 1196 2201 ut
1229 2158 1401 2203 nunc
1445 2136 1512 2200 in
1559 2136 1701 2221 ipso
1748 2136 2002 2203 iudicio.
2084 2136 2311 2221 Neque
2348 2145 2383 2191 4

295 2229 555 2291 tantum
590 2247 695 2290 me
736 2226 1098 2309 expectatio
1136 2225 1564 2291 accusationis
1610 2246 1792 2291 meac
1838 2236 2312 2310 concursusque

296 2318 522 2379 tantae
560 2313 1015 2398 multitudinis,
1061 2314 1295 2398 quibus
1339 2335 1463 2401 ego
1508 2313 1703 2379 rebus
1747 2314 2312 2380 vehementissime

296 2402 662 2488 perturbor,
699 2405 1079 2485 commovet,
1119 2407 1436 2486 quantum
1471 2401 1661 2467 istius
1700 2402 1971 2468 insidiae
2006 2403 2313 2487 nefariae,

214 2509 272 2552 25
302 2512 461 2575 quas
496 2512 627 2556 uno
672 2494 967 2574 tempore
1011 2490 1191 2573 mihi,
1235 2490 1442 2574 vobiS,
1487 2490 1592 2554 Μ’.
1621 2488 1962 2556 Glabrioni
2006 2492 2312 2576 praetori,

297 2579 518 2663 sociiS,
594 2579 831 2643 exteris
907 2579 1281 2644 nationibus
1295 2629 1314 2662 ,
1405 2578 1642 2662 ordini,
1716 2579 1966 2644 nomini
2041 2580 2313 2663 denique

299 2666 627 2731 senatorio
659 2667 873 2732 facere
910 2672 1207 2749 conatur3
1254 2666 1367 2750 qui
1410 2665 1507 2730 ita
1550 2665 1828 2751 dictitat,
1872 2667 1952 2731 iis
1998 2688 2139 2731 esse
2185 2688 2315 2731 me-

299 2752 630 2836 tuendum,
666 2755 793 2838 qui,
828 2755 1000 2838 quod
1026 2755 1187 2839 ipsis
1216 2754 1376 2819 solis
1406 2754 1568 2819 satis
1602 2757 1792 2838 esset,
1831 2755 2313 2838 surripuissent,

300 2861 373 2906 se
411 2843 684 2905 tantum
736 2842 1077 2926 eripuisse,
1139 2847 1215 2907 ut
1266 2842 1337 2906 id
1390 2843 1615 2907 multis
1669 2843 1834 2907 satis
1889 2863 2031 2907 esse
2076 2842 2312 2926 possit3

214 2948 276 2992 so
300 2927 469 2994 nihil
516 2949 656 2992 esse
699 2932 837 2994 tam
884 2934 1205 3015 sanctum,
1265 2930 1436 3014 quod
1479 2952 1612 2995 non
1654 2930 1919 3013 violari,
1962 2929 2129 2994 nihil
2174 2933 2311 2993 tam

297 3017 642 3100 munitum,
681 3016 853 3100 quod
883 3039 1015 3083 non
1051 3019 1411 3105 expugnari
1445 3018 1717 3103 pecunia
1751 3018 1976 3102 possit.
2048 3015 2312 3101 Quodsi,
2351 3031 2382 3079 5

298 3128 495 3190 quam
533 3104 744 3170 audax
784 3109 884 3170 cst
929 3107 1010 3171 ad
1057 3107 1438 3191 conandum,
1482 3110 1620 3172 tam
1666 3109 1838 3170 esset
1885 3105 2197 3171 obscurus
2244 3105 2314 3170 in

297 3193 569 3280 agend0,
608 3193 891 3259 fortasse
929 3194 1203 3279 aliqua
1183 3216 1254 3259 ιιι
1291 3217 1361 3259 re
1394 3216 1516 3259 nos
1553 3194 1901 3278 aliquando
1937 3192 2310 3277 fefellisset3

296 3302 522 3347 verum
584 3281 710 3348 hoc
762 3282 972 3347 adhuc
1024 3283 1474 3367 percommode
1526 3281 1728 3364 cadit,
1792 3280 1965 3365 quod
2019 3303 2166 3347 cum
2219 3281 2313 3346 in-

215 3386 271 3428 85
297 3370 590 3436 credibili
618 3371 757 3436 eius
796 3370 1066 3437 audacia
1102 3370 1456 3457 singularis
1493 3369 1780 3435 stultitia
1814 3369 2157 3435 coniuncta
2191 3374 2313 3436 est.

296 3455 470 3523 Nam
499 3461 573 3523 ut
600 3460 913 3545 apertus
893 3481 964 3523 ιιι
1000 3458 1419 3542 corripiendis
1455 3458 1744 3544 pecuniis
1779 3457 1925 3543 fuit,
1963 3459 2055 3523 sic
2091 3459 2161 3523 in
2197 3479 2312 3543 spe
2363 3487 2366 3491 “

296 3547 748 3631 corrumpendi
782 3547 1003 3613 iudicii
1047 3547 1388 3631 perspicua
1436 3568 1554 3613 sua
1598 3545 1872 3612 consilia
1917 3551 2313 3631 conatusque
