2566 4016
317 245 405 310 46
654 243 797 298 PRO
837 242 989 296 SEX.
1030 240 1290 296 ROSCIO
1326 234 1663 295 AMERINO
1702 240 1990 294 ORATIO.

316 388 522 471 naris3
585 386 756 470 quod
807 385 1073 450 honoris
1131 405 1328 450 causa
1380 387 1568 468 pater
1621 383 1759 448 filio
1818 403 1936 447 suo
2001 384 2339 470 concessit,

210 497 279 546 45
316 476 384 539 id
439 497 584 540 eum
637 472 938 558 supplicii
994 494 1188 538 causa
1240 472 1471 537 fecisse
1518 471 1693 536 dicis.
1782 468 2012 555 Neque
2057 471 2220 538 haec
2265 477 2340 538 tu

316 585 447 627 non
490 561 841 647 intellegis,
889 561 1001 625 sed
1045 582 1249 644 usque
1295 581 1390 644 eo,
1437 558 1591 643 quid
1638 580 1894 644 arguas,
1938 580 2071 624 non
2114 560 2337 645 habeS,

314 654 389 714 ut
432 671 566 715 non
609 650 802 715 modo
847 649 972 713 tibi
1017 652 1245 714 contra
1289 669 1408 713 nos
1455 646 1791 712 dicendum
1834 649 2052 731 puteS,
2112 670 2339 714 verum

316 739 517 802 etiam
560 740 789 801 contra
824 758 1039 802 rerum
1074 739 1380 802 naturam
1416 738 1770 819 contraque
1808 736 2337 802 consuetudinem
2366 754 2392 792 ⁵

315 825 653 891 hominum
699 829 1049 908 contraque
1095 823 1431 909 opiniones
1479 824 1785 889 omnium.

214 911 296 975 16
448 911 542 976 At
595 913 792 994 enim,
848 934 993 978 cum
1049 912 1207 977 duos
1261 911 1434 976 filios
1476 911 1788 996 Qhaberet,
1845 911 2124 976 alterum
2181 935 2221 977 a
2267 934 2337 977 se

317 1021 451 1064 non
490 1000 879 1083 dimittebat,
927 1001 1205 1065 alterum
1241 999 1380 1063 ruri
1424 1019 1564 1064 esse
1608 998 1998 1083 patiebatur.
2063 997 2338 1084 Quaeso,

316 1086 540 1171 Eruci,
594 1091 669 1151 ut
724 1089 847 1152 hoc
901 1088 971 1152 in
1024 1088 1264 1153 bonam
1321 1091 1577 1171 partem
1624 1086 1931 1170 accipias3
1982 1108 2116 1151 non
2160 1088 2334 1152 enim

209 1198 276 1246 46
317 1176 746 1258 exprobrandi
791 1197 1010 1258 causa,
1057 1176 1169 1240 sed
1214 1174 1660 1240 commonendi
1707 1174 1922 1259 gratia
1966 1174 2190 1240 dicam.
2265 1172 2337 1240 Si
2366 1197 2421 1236 ιο

315 1263 440 1327 tibi
491 1262 757 1329 fortuna
809 1285 942 1328 non
997 1263 1198 1345 dedit,
1253 1267 1330 1327 ut
1381 1267 1569 1347 patre
1616 1266 1792 1327 certo
1837 1283 2199 1345 nascerere,
2257 1285 2337 1327 ex

318 1373 444 1433 quo
490 1351 872 1435 intellegere
916 1372 1168 1435 posseS,
1223 1351 1335 1434 qui
1380 1350 1633 1415 animus
1679 1350 1931 1434 patrius
1976 1350 2046 1413 in
2090 1350 2334 1415 liberos

317 1440 505 1520 esset,
542 1442 613 1502 at
646 1441 885 1502 natura
922 1441 1093 1503 certe
1130 1437 1324 1520 dedit,
1360 1441 1435 1502 ut
1470 1437 1897 1502 humanitatis
1933 1458 2066 1502 non
2102 1460 2334 1521 parum

315 1525 615 1608 haberes3
661 1547 735 1589 eo
775 1525 1044 1590 accessit
1081 1525 1367 1589 studium
1405 1526 1752 1609 doctrinae,
1788 1528 1862 1590 ut
1896 1547 1978 1590 ne
2016 1548 2056 1590 a
2092 1526 2333 1591 litteris

317 1612 574 1696 quidem
621 1612 870 1677 alienus
917 1634 1108 1678 esses.
1189 1612 1442 1697 Ecquid
1482 1614 1744 1678 tandem
1780 1613 1905 1677 tibi
1940 1613 2214 1697 videtur,
2260 1618 2334 1679 ut
2361 1633 2413 1674 ιε

316 1699 397 1764 ad
449 1699 709 1765 fabulas
765 1701 1125 1784 veniamus,
1191 1722 1384 1766 senex
1437 1702 1551 1765 ille
1599 1699 2003 1766 Caecilianus
2062 1701 2333 1766 minoris

313 1787 524 1853 facere
553 1788 945 1872 Eutychum,
979 1789 1186 1853 filium
1223 1789 1556 1873 rusticum,
1595 1811 1791 1872 quam
1817 1789 2005 1854 illum
2036 1790 2332 1874 alterum,

314 1874 890 1941 Chaerestratum‘?
948 1875 1153 1961 (nam,
1227 1881 1305 1942 ut
1368 1878 1623 1961 opinor,
1693 1877 1818 1942 hoc
1879 1876 2140 1942 nomine
2206 1877 2334 1961 est)

314 1965 591 2030 alterum
644 1965 716 2029 in
766 1966 926 2031 urbe
982 1987 1198 2032 secum
1251 1964 1518 2031 honoris
1580 1985 1774 2032 causa
1837 1965 2104 2049 habere,
2171 1966 2333 2030 alte-

206 2074 273 2123 47
313 2075 458 2117 rum
520 2076 632 2118 rus
697 2054 1000 2139 supplicii
1064 2075 1259 2119 causa
1320 2054 1691 2139 relegasse?
1784 2052 1971 2128 ‘Quid
2021 2053 2103 2116 ad
2164 2054 2331 2119 istas
2361 2073 2418 2113 πο

311 2141 591 2225 ineptias
649 2141 789 2206 abis
800 2140 859 2204 ‘?’
919 2142 1190 2223 inquies.
1281 2140 1480 2215 Quasi
1528 2163 1681 2207 vero
1729 2141 1889 2207 mihi
1934 2139 2196 2205 difficile
2243 2142 2333 2205 sit

314 2229 609 2312 quamvis
638 2228 881 2293 multos
910 2229 1295 2293 nominatim
1324 2229 1632 2312 proferre,
1666 2251 1749 2294 ne
1785 2229 2045 2314 longius
2083 2229 2334 2312 abeam,

313 2316 416 2379 vel
471 2314 746 2379 tribules
799 2316 903 2380 vel
948 2315 1194 2380 vicinos
1242 2338 1420 2381 meos
1430 2367 1448 2400 ,
1494 2317 1606 2400 qui
1651 2338 1802 2381 suos
1849 2317 2120 2394 liberos,
2169 2338 2332 2401 quos

312 2401 579 2486 plurimi
604 2400 869 2486 faciunt,
906 2403 1227 2489 agricolas
1257 2405 1552 2470 assiduos
1582 2425 1722 2469 esse
1755 2405 2039 2490 cupiunt.
2085 2405 2329 2470 Verum

312 2488 606 2553 homines
658 2494 852 2556 notos
899 2513 1151 2556 sumere
1198 2493 1492 2557 odiosum
1540 2498 1666 2576 est,
1726 2515 1872 2558 cum
1918 2496 1984 2556 et
2027 2492 2193 2557 illud
2237 2493 2411 2557 in-'25

313 2580 562 2642 certum
607 2578 720 2662 sit,
772 2578 1057 2643 velintne
1104 2580 1152 2643 ii
1199 2601 1339 2649 sese
1384 2580 1735 2664 nominari,
1792 2584 1858 2644 et
1903 2602 2094 2646 nemo
2141 2581 2329 2646 vobis

310 2665 523 2752 magis
568 2670 763 2730 notus
808 2666 1065 2731 futurus
1114 2668 1226 2751 sit,
1285 2691 1477 2752 quam
1534 2672 1635 2732 est
1691 2667 1799 2732 hic
1842 2666 2206 2752 Eutychus,
2265 2673 2333 2733 et

311 2758 483 2818 certe
522 2753 602 2818 ad
645 2776 784 2818 rem
827 2755 994 2819 nihil
1038 2755 1317 2839 intersit,
1361 2759 1580 2820 utrum
1624 2755 1794 2820 hunc
1840 2777 1964 2841 ego
2011 2757 2331 2821 comicum

312 2842 787 2906 adulescentem
844 2865 929 2907 an
983 2844 1263 2927 aliquem
1320 2865 1396 2908 ex
1456 2864 1616 2928 agro
1662 2842 1934 2908 Veiente
1979 2845 2329 2909 nominem.

307 2929 571 2994 Etenim
607 2930 768 2994 haec
805 2931 1079 2995 conficta
1115 2932 1400 2995 arbitror
1437 2953 1576 2995 esse
1615 2953 1654 2996 a
1689 2933 1919 3015 poetiS,
1967 2937 2040 2996 ut
2077 2932 2330 2996 effictos
2358 2948 2414 2988 ³0

308 3022 570 3082 nostros
613 3039 827 3082 mores
863 3018 934 3082 in
970 3019 1199 3082 alienis
1236 3019 1532 3102 personis
1570 3040 2066 3102 expressamque
2102 3020 2332 3106 imagi-

204 3125 272 3174 48
308 3126 458 3170 nem
508 3108 856 3187 [nostram]
904 3106 1078 3171 vitae
1116 3107 1478 3171 cotidianae
1516 3108 1894 3172 videremus.
1967 3108 2115 3192 Age
2141 3129 2331 3190 nunc,

309 3192 478 3258 refer
524 3193 812 3258 animum
859 3194 948 3258 sis
995 3193 1077 3258 ad
1114 3194 1457 3259 veritatem
1487 3198 1553 3258 et
1580 3194 1932 3277 considera,
1975 3216 2108 3260 non
2136 3194 2329 3259 modo

308 3281 377 3344 in
413 3279 689 3345 Umbria
726 3285 920 3365 atque
956 3282 1026 3346 in
1067 3304 1143 3347 ea
1188 3282 1539 3365 vicinitate,
1589 3283 1701 3347 sed
1743 3283 1813 3347 in
1858 3283 1960 3347 his
1998 3282 2330 3348 veteribus

310 3368 675 3451 municipiis
742 3391 905 3452 quae
969 3370 1185 3435 studia
1251 3392 1292 3434 a
1344 3370 1642 3454 patribus
1697 3370 1982 3435 familias
2047 3371 2331 3436 maxime
2358 3387 2414 3427 ³5

310 3454 680 3541 laudentur-3
743 3456 874 3521 iam
936 3459 1229 3541 profecto
1294 3461 1361 3521 te
1423 3458 1767 3543 intelleges
1830 3459 2051 3542 inopia
2115 3459 2329 3523 crimi-

307 3564 464 3606 num
493 3564 815 3607 summam
853 3545 1112 3609 laudem
1158 3543 1300 3609 Sex.
1339 3544 1574 3610 Roscio
1621 3545 1784 3610 vitio
1834 3551 1901 3610 et
1946 3547 2174 3630 culpae
2222 3547 2331 3610 de-
