2566 4016
723 233 862 288 LIB.
889 233 942 288 V
997 232 1151 290 CAP.
1194 239 1402 290 70—72
1440 240 1471 300 ὅ
1513 240 1806 290 179-184.
2147 233 2278 299 497

263 377 646 462 subeantur3
692 378 899 462 labor,
948 378 1365 462 suscipiatur-3
1413 378 1654 443 etenim
1689 378 1929 444 tacitae
1964 378 2177 464 magis
2214 382 2282 444 et

262 466 553 531 occultae
583 466 968 531 inimicitiae
997 466 1324 531 timendae
1353 471 1506 530 sunt
1535 488 1730 549 quam
1766 465 2046 530 indictae
2085 471 2281 550 atque

262 558 544 637 apertae.
589 552 949 619 Hominum
975 554 1296 619 nobilium
1323 575 1455 619 non
1481 554 1617 618 fere
1647 554 1990 638 quisquam
2016 558 2281 619 nostrae

259 642 621 706 industriae
675 641 882 726 favet3
933 643 1133 707 nullis
1187 642 1433 707 nostris
1491 642 1721 707 officiis
1773 641 2283 707 benivolentiam

206 754 233 794 5
259 729 526 794 illorum
592 730 853 795 allicere
916 752 1294 815 possumus3
1368 731 1556 814 quasi
1615 734 1856 796 natura
1919 734 1987 795 et
2049 749 2283 814 genere

262 817 533 882 diiuncti
571 818 722 902 sint,
765 819 862 883 ita
900 819 1216 884 dissident
1253 841 1294 883 a
1327 818 1519 883 nobis
1558 819 1774 883 animo
1814 840 1889 884 00
1924 819 2281 883 voluntate.

262 904 473 980 Quare
511 906 667 990 quid
701 906 953 972 habent
991 929 1215 972 eorum
1250 906 1633 971 inimicitiae
1669 906 1960 992 periculi,
2007 927 2282 990 quorum

260 994 513 1058 animos
559 994 694 1058 iam
741 998 893 1059 ante
937 995 1247 1059 habueris
1292 994 1593 1060 inimicos
1639 999 1707 1059 et
1750 994 2035 1078 invidOS,
2087 1015 2284 1078 quam

260 1082 432 1146 ullas
494 1082 872 1147 inimicitias
939 1082 1344 1166 susceperis?
1440 1080 1649 1157 Quam
1713 1082 1799 1147 ob
1863 1104 2001 1147 rem
2066 1082 2244 1165 mihi,
2283 1093 2387 1143 183

180 1196 233 1234 ιο
260 1170 520 1254 iudices,
567 1173 869 1253 optatum
903 1170 1071 1234 illud
1108 1173 1227 1253 est,
1271 1169 1342 1234 in
1377 1170 1513 1235 hoc
1540 1192 1652 1236 reo
1696 1171 1893 1235 finem
1941 1169 2282 1235 accusandi

259 1256 503 1343 facere,
567 1280 714 1324 cum
770 1261 836 1322 et
888 1258 1133 1344 populo
1188 1258 1486 1323 Romano
1543 1258 1706 1323 satis
1760 1257 2009 1324 factum
2064 1262 2130 1322 et
2183 1279 2284 1322 re-

262 1350 524 1431 ceptum
576 1346 863 1419 officium
909 1345 1171 1430 Siculis,
1223 1346 1607 1412 necessariis
1652 1346 1841 1430 meis,
1897 1346 2022 1410 erit
2065 1366 2283 1431 perso-

259 1434 501 1519 lutum3
540 1435 971 1499 deliberatum
999 1438 1217 1500 autem
1250 1438 1369 1518 est,
1407 1435 1467 1499 si
1500 1456 1604 1499 res
1643 1435 2016 1519 opinionem
2053 1455 2283 1517 meam,

262 1544 458 1606 quam
515 1522 593 1586 de
646 1522 836 1587 vobis
881 1521 1124 1608 1101100,
1175 1521 1514 1608 fefellerit,
1565 1544 1701 1588 non
1744 1522 1938 1588 modo
1987 1543 2097 1589 eos
2142 1543 2288 1606 per-A

177 1633 234 1675 ιο
263 1610 462 1694 sequi,
500 1611 583 1675 ad
612 1631 775 1695 quos
802 1610 1084 1675 maxime
1112 1610 1304 1693 culpa
1331 1610 1623 1695 corrupti
1654 1611 1892 1694 iudicii,
1931 1611 2043 1676 sed
2082 1612 2282 1676 etiam

259 1698 433 1781 illos,
461 1699 544 1762 ad
574 1720 734 1782 quos
760 1698 1193 1764 conscientiae
1221 1699 1527 1782 contagio
1555 1698 1930 1780 pertinebit.
1983 1697 2282 1782 Proinde,

264 1786 324 1848 si
364 1784 476 1868 qui
522 1788 692 1868 sunt,
740 1788 851 1869 qui
895 1787 966 1851 in
1008 1786 1135 1851 hoc
1178 1806 1291 1850 reo
1340 1789 1455 1849 aut
1497 1787 1800 1870 potentes
1848 1788 1962 1849 aut
2008 1785 2281 1851 audaces

264 1874 381 1937 aut
436 1871 716 1937 artifices
772 1873 855 1938 ad
908 1871 1452 1955 corrumpendum
1505 1872 1813 1936 iudicium
1867 1871 2073 1938 velint
2124 1893 2282 1958 esse,

261 1961 359 2026 ita
398 1959 531 2025 sint
566 1960 802 2044 parati,
844 1964 922 2025 ut
960 1959 1365 2045 disceptante
1401 1961 1645 2047 populo
1685 1960 1982 2027 Romano
2028 1981 2283 2027 mecum

178 2076 236 2116 20
265 2049 393 2114 sibi
428 2071 567 2113 rem
602 2048 867 2113 videant
901 2047 1218 2132 futuram3
1266 2052 1350 2132 et,
1397 2049 1454 2112 si
1490 2070 1594 2114 me
1629 2048 1699 2112 in
1742 2049 1868 2114 1100
1911 2068 2043 2134 100,
2089 2071 2282 2133 quem

264 2137 427 2202 mihi
496 2136 831 2202 inimicum
894 2135 1096 2201 Siculi
1168 2135 1508 2220 dederunt,
1582 2136 1745 2202 satis
1816 2136 2283 2222 vehementem,

263 2225 426 2291 80118
473 2228 1024 2310 perseverantem,
1071 2223 1234 2289 satis
1278 2224 1668 2311 vigilantem
1713 2246 1855 2290 esse
1899 2229 2284 2327 cognorunt,

266 2312 638 2377 existiment
687 2312 759 2376 in
811 2312 894 2377 118
949 2312 1353 2397 hominibus,
1409 2334 1686 2396 quorum
1736 2334 1858 2400 ego
1904 2312 2281 2378 inimicitias

264 2400 493 2484 populi
527 2399 808 2464 Romani
846 2400 1079 2465 salutis
1121 2422 1317 2466 causa
1363 2421 1725 2487 suscepero,
1770 2401 1979 2467 multo
2029 2402 2282 2488 gravio·

178 2512 236 2555 05
264 2509 404 2553 1001
449 2491 645 2572 atque
690 2488 1007 2554 acriorem
1050 2487 1362 2554 futurum.

396 2574 585 2642 Nunc
647 2579 742 2661 te,
795 2576 1088 2661 Iuppiter
1151 2578 1398 2662 optime
1462 2576 1769 2663 maxime,
1834 2578 2064 2663 quoius
2118 2578 2245 2642 iste
2284 2548 2389 2675 178024

264 2663 504 2729 donum
531 2664 755 2749 regale
783 2664 1053 2751 dignum
1080 2668 1195 2731 tuo
1233 2664 1672 2749 pulcherrimo
1708 2667 1978 2751 templo,
2011 2665 2282 2749 dignum

266 2750 594 2853 Capitolio
646 2755 842 2835 atque
884 2754 1018 2822 ista
1063 2773 1208 2817 arce
1255 2753 1545 2818 omnium
1587 2753 1955 2837 nationum,
2012 2752 2282 2837 dignum

264 2841 447 2926 regio
502 2860 793 2923 munere,
852 2840 978 2904 tibi
1032 2840 1276 2904 factum
1331 2839 1415 2905 ab
1470 2839 1762 2925 regibus,
1817 2840 1943 2904 tibi
1997 2839 2282 2906 dicatum

179 2953 238 2995 zo
265 2932 461 3012 atque
532 2928 926 3013 promissum
997 2948 1115 3011 per
1174 2926 1497 2993 nefarium
1563 2928 1771 2992 scelus
1836 2928 1914 2992 de
1978 2928 2280 2994 manibus

262 3016 462 3102 regiis
527 3015 828 3099 extorsit,
891 3014 1198 3098 cuiusque
1259 3013 1744 3080 sanctissimum
1802 3019 1870 3080 et
1926 3016 2281 3101 pulcherri-

261 3126 443 3168 mum
471 3105 891 3169 simulacrum
920 3102 1255 3187 Syracusis
1286 3103 1571 3186 sustulit,
1598 3107 1810 3188 teque,
1842 3103 2007 3169 Iuno
2034 3104 2280 3189 regina,

262 3192 444 3256 cuius
513 3192 639 3257 duo
702 3190 857 3256 fana
922 3191 1173 3256 duabus
1236 3191 1308 3255 in
1368 3191 1602 3257 insulis
1666 3192 1885 3275 posita
1940 3192 2281 3277 sociorum,

260 3279 529 3344 Melitae
592 3282 660 3344 et
715 3277 921 3364 Sami,
985 3279 1400 3345 sanctissima
1455 3283 1521 3343 et
1575 3279 2027 3364 antiquissima
2081 3280 2281 3344 simili

179 3394 235 3435 85
265 3369 506 3433 8001010
567 3368 739 3433 idem
801 3367 930 3432 iste
985 3368 1286 3432 omnibus
1343 3367 1528 3433 donis
1586 3368 2113 3453 ornamentisque
2165 3390 2280 3433 nu—

263 3456 462 3540 davit,
498 3460 710 3540 teque,
746 3454 1056 3540 Minerva,
1094 3477 1290 3539 quam
1313 3456 1476 3521 item
1506 3455 1756 3521 duobus
1793 3456 1864 3520 in
1899 3456 2279 3522 clarissimis

262 3548 331 3609 et
400 3543 914 3630 religiosissimis
989 3543 1255 3628 templis
1330 3544 1670 3629 expilavit,
1741 3542 2050 3630 Athenis,
2131 3566 2279 3628 cum

369 3656 477 3698 010.
502 3657 568 3700 11.
600 3659 636 3700 1.
1785 3653 1853 3703 32
