2566 4016
881 185 1029 241 ΟΑΡ.
1070 194 1277 243 33—35
1316 196 1346 254 ς
1383 195 1643 245 94—100.
2180 189 2265 254 63

252 331 325 396 Τ.
353 330 591 395 Roscio
630 327 933 414 Capitoni
968 331 1384 415 potissimum
1418 332 1793 396 nuntiaret?
1865 332 2126 399 Occisus
2165 338 2265 398 est
2303 344 2369 393 97

250 442 293 484 a
329 440 490 484 cena
522 418 806 501 rediens3
848 418 1135 484 nondum
1172 420 1450 503 lucebat,
1495 441 1641 485 eum
1685 420 1986 485 Ameriae
2032 423 2266 487 scitum

249 511 369 571 est.
455 505 623 583 Quid
647 505 767 570 -hie
804 506 1200 570 incredibilis
1247 528 1491 591 cursus,
1536 506 1689 591 quid
1735 507 1894 572 haec
1939 511 2128 572 tanta
2172 530 2266 573 ce-

249 595 480 660 leritas
515 592 979 677 festinatioque
1016 594 1387 679 significat?
1450 595 1601 660 Non
1639 616 1892 679 quaero,
1939 595 2083 680 quis
2128 617 2266 679 per-

193 701 222 741 s
250 681 556 765 eusserit3
599 681 767 745 nihil
804 686 920 765 est,
968 680 1253 766 Glaucia,
1299 683 1470 767 quod
1510 687 1792 766 metuas3
1836 705 1969 748 non
2015 683 2266 747 excutio

247 776 345 853 te,
392 769 449 835 si
493 769 644 854 quid
688 768 862 833 forte
904 768 1061 833 ferri
1106 770 1424 854 habuisti,
1469 791 1599 835 non
1645 774 1926 854 scrutor3
1971 770 2137 835 nihil
2183 770 2267 835 ad

249 880 359 921 me
396 857 681 922 arbitror
714 857 1066 941 pertinere3
1110 859 1434 942 quoniam,
1481 859 1660 924 cuius
1697 859 1969 925 consilio
2017 859 2264 924 occisus

250 945 367 1029 sit,
431 945 716 1027 invenie,
776 944 955 1009 cuius
1010 967 1205 1011 manu
1260 948 1348 1011 sit
1399 968 1768 1030 percussus,
1830 969 1965 1012 non
2017 948 2265 1012 laboro.

247 1032 471 1098 Unum
508 1031 632 1097 hoc
669 1053 872 1114 sumo,
917 1034 1087 1117 quod
1123 1034 1287 1098 mihi
1323 1038 1637 1119 apertum·
1656 1040 1840 1098 tuum
1883 1035 2090 1099 scelus
2136 1056 2266 1099 res.-

165 1141 222 1180 ιο
251 1142 376 1205 que
413 1119 763 1186 manifesta
799 1119 938 1184 dat:
979 1119 1115 1185 Ubi
1149 1125 1264 1186 aut
1299 1123 1467 1186 unde
1509 1121 1756 1187 audivit
1792 1120 2106 1186 Glaucia?
2155 1122 2266 1203 qui

247 1212 391 1273 tam
445 1209 574 1272 cito
631 1207 863 1273 scivit?
935 1207 1068 1272 Fac
1122 1208 1377 1273 audisse
1431 1209 1686 1291 statim3
1741 1229 1904 1291 quae
1958 1229 2062 1272 res
2118 1229 2264 1271 eum

248 1300 443 1361 nocte
501 1317 634 1360 una
695 1299 955 1359 tantum
1016 1296 1267 1359 itineris
1333 1295 1716 1361 contendere
1773 1295 2030 1380 coegit?
2102 1316 2265 1379 quae

246 1383 611 1448 necessitas*
642 1404 788 1447 eum
823 1387 1014 1447 tanta
1057 1384 1412 1468 premebat,
1458 1388 1551 1467 ut,
1597 1383 1654 1448 si
1700 1405 1817 1449 sua
1863 1385 2094 1467 sponte
2138 1383 2265 1447 iter

249 1470 585 1536 Ameriam
644 1469 915 1554 faceret,
961 1469 1046 1534 'id
1099 1473 1413 1556 temporis
1468 1472 1679 1536 Roma
1731 1472 2264 1556 proficisceretur,

168 1578 222 1618 15
249 1560 503 1623 nullam
549 1562 803 1644 partem
847 1559 1056 1623 noctis
1102 1560 1573 1643 requiesceret?

285 1697 292 1698 ff
382 1646 689 1711 Etiamne
723 1685 726 1690 -
755 1647 840 1710 in
896 1649 1037 1711 tam
1104 1649 1462 1731 perspicuis
1525 1649 1717 1713 rebus
1782 1648 2262 1733 argumentatio
2283 1646 2370 1710 35

252 1733 624 1819 quaerenda
655 1738 770 1798 aut
805 1735 1172 1799 coniectura
1217 1735 1528 1819 capienda
1574 1736 1716 1799 est?
1798 1734 2030 1800 Nonne
2075 1735 2261 1798 vobis
2301 1742 2370 1790 98

251 1823 416 1886 haec
424 1870 442 1904 ,
495 1843 655 1906 quae
702 1821 1002 1906 audistis,
1047 1844 1306 1887 eernere
1351 1823 1555 1887 oculis
1600 1821 1933 1904 videmini,
1978 1820 2263 1885 iudices?

252 1929 389 1974 non
441 1909 625 1973 illum
678 1910 1015 1993 miserum,
1065 1910 1370 1995 ignarum
1426 1931 1612 1973 casus
1660 1910 1759 1972 sui
1804 1909 2179 1972 redeuntem
2226 1929 2265 1970 a

167 2016 224 2056 20
253 2019 413 2063 cena
465 1997 725 2082 videtis,
779 2020 912 2063 non
964 1996 1214 2083 positas
1266 1996 1566 2080 insidias,
1614 2018 1754 2061 non
1804 1996 2120 2080 impetum
2169 2017 2264 2059 re·

249 2086 632 2171 pentinum?
693 2108 824 2151 non
879 2089 1182 2151 versatur
1230 2089 1386 2149 ante
1437 2085 1655 2150 oculos
1710 2083 1896 2148 vobis
1949 2083 2019 2147 in
2073 2083 2264 2147 caede

253 2173 569 2239 Glaucia?
613 2194 747 2239 non
782 2175 966 2239 adest
1000 2175 1128 2238 iste
1163 2172 1233 2237 T.
1262 2173 1579 2238 Roscius?
1624 2194 1757 2237 non
1793 2171 1926 2236 suis
1963 2171 2263 2236 manibus

250 2263 320 2326 in
382 2283 578 2327 curru
634 2263 911 2327 collocat
964 2263 1514 2327 Automedontem
1567 2262 1783 2344 illum,
1849 2260 1948 2325 sui
2003 2259 2262 2324 sceleris

252 2350 676 2415 acerbissimi
707 2349 1120 2435 nefariaeque
1157 2351 1481 2415 victoriae
1525 2349 1868 2414 nuntium?
1921 2370 2056 2413 non
2099 2352 2264 2432 orat,

170 2453 225 2495 25
250 2441 329 2502 ut
382 2458 552 2503 eam
569 2442 836 2503 noctem
889 2439 1263 2524 pervigilet,
1320 2442 1395 2502 ut
1448 2437 1714 2502 honoris
1771 2436 1871 2501 sui
1926 2458 2121 2502 causa
2174 2438 2264 2501 la-

251 2526 459 2608 boret,
503 2529 579 2590 ut
615 2524 916 2609 Capitoni
954 2547 1148 2610 quam
1184 2526 1468 2626 primum
1512 2525 1810 2588 nuntiet?
1892 2524 2061 2601 Quid
2106 2529 2263 2607 erat,

252 2613 425 2698 quod
479 2611 862 2697 Capitonem
920 2614 1202 2696 primum
1259 2613 1422 2678 scire
1464 2613 1729 2677 voluit?
1809 2611 2072 2694 Nescio,
2135 2611 2263 2674 nisi

250 2702 379 2764 hoc
428 2701 641 2786 video,
698 2699 1081 2785 Capitonem
1133 2700 1204 2765 in
1256 2700 1360 2765 his
1414 2701 1627 2765 bonis
1661 2721 1800 2764 esse
1858 2700 2129 2780 socium3
2185 2697 2262 2762 de

251 2788 466 2852 tribus
520 2793 587 2853 et
643 2788 859 2854 decem
907 2788 1124 2853 fundis
1169 2793 1307 2854 tres
1352 2788 1791 2854 nobilissimos
1832 2786 2070 2851 fundos
2117 2806 2263 2849 eum

2301 2539 2369 2586 99

169 2894 223 2933 ³0
248 2876 440 2941 video
461 2876 813 2979 possidere..
846 2877 1057 2945 Audio
1082 2881 1420 2961 praeterea
1443 2898 1576 2941 non
1600 2875 1781 2939 hanc
1797 2874 2229 2972 suspicionem
2267 2886 2369 2935 100

247 2986 421 3030 nunc
465 2966 750 3049 primum
793 2966 863 3029 in
909 2963 1295 3050 Capitonem
1341 2963 1645 3046 conferri3
1695 2964 1937 3027 multas
1985 2982 2125 3025 esse
2170 2960 2263 3024 in-

245 3053 456 3119 fames
512 3053 650 3118 eius
702 3054 983 3138 palmas,
1031 3053 1224 3118 hanc
1254 3053 1531 3137 primam
1588 3072 1728 3116 esse
1773 3054 1995 3114 tamen
2039 3048 2263 3113 lemni-

248 3145 520 3225 scatam,
565 3163 730 3225 quae
766 3141 978 3206 Roma
1011 3141 1072 3205 ei
1113 3141 1470 3223 deferatur3
1514 3140 1767 3204 nullum
1814 3137 2074 3202 modum
2122 3157 2262 3200 esse

247 3228 535 3294 hominis
573 3228 948 3311 occidendi,
962 3249 1089 3321 quo
1128 3228 1242 3293 ille
1273 3249 1408 3293 non
1444 3228 1695 3311 aliquot
1733 3224 2053 3309 occiderit,
2096 3225 2263 3289 mul-

167 3332 220 3374 86
246 3320 353 3381 tos
398 3317 603 3400 ferro,
657 3317 902 3381 multos
947 3337 1221 3400 veneno3
1273 3316 1484 3381 habeo
1532 3314 1731 3378 etiam
1779 3312 2012 3397 dicere,
2068 3335 2261 3398 quem

246 3409 480 3470 contra
532 3426 779 3470 morem
834 3404 1154 3469 maiorum
1208 3403 1523 3468 minorem
1569 3401 1757 3466 annis
1802 3419 1896 3466 Lx
1941 3400 2017 3466 de
2061 3406 2260 3486 ponte

246 3492 320 3555 in
379 3492 671 3558 Tiberim
727 3492 1053 3575 deiecerit3
1095 3513 1308 3577 quae,
1373 3492 1428 3556 si
1483 3489 1797 3575 prodierit
1852 3493 2046 3574 atque
2101 3491 2258 3556 adeo
