2566 4016
971 207 1126 264 cAP.
1166 215 1306 265 2-4
1342 216 1373 276 5
1410 216 1599 267 5-12.
2159 216 2286 281 125

268 373 395 437 que
430 372 507 416 eo
547 350 905 436 despiceret
941 357 1506 439 contemneretque
1546 356 1836 423 ordinem
1872 360 2287 444 senatorium,

265 444 341 505 ut
388 439 712 504 arbitratu
754 440 891 504 eius
928 441 1322 527 deligeretur
1358 464 1437 507 ex
1472 447 1718 528 senatu,
1754 446 1866 528 qui
1901 467 2049 511 reus
2085 447 2287 532 fieret,

267 550 406 612 qm,
459 528 614 592 dum
659 527 793 611 hic,
838 550 1001 612 quae
1048 550 1211 614 opus
1258 535 1500 615 essent,
1547 537 1981 617 compararet,
2024 555 2287 601 causam

263 616 516 681 interea
561 619 713 680 ante
759 637 908 682 eum
952 616 1211 682 diceret.

206 730 238 771 ⁵
400 700 647 779 Quibus
694 724 816 789 ego
863 704 1055 769 rebus
1104 705 1260 806 quid
1304 705 1429 771 iste
1475 711 1692 791 speret
1729 711 1799 773 et
1833 730 1960 792 quo
1999 708 2288 775 animum
2327 727 2392 776 10

267 791 593 875 intendat,
636 791 827 857 facile
871 792 1220 878 perspici03
1266 815 1463 879 quam
1510 795 1593 860 ob
1639 816 1778 861 rem
1824 818 1979 862 vero
2026 818 2097 861 se
2143 819 2288 863 con·

263 880 428 945 fidat
472 880 718 963 aliquid
762 881 1071 965 proficere
1118 902 1310 966 posse
1355 881 1479 947 hoe
1522 888 1822 967 praetore
1870 888 1936 949 et
1982 884 2107 951 hoc
2143 907 2288 951 con·

266 968 444 1050 silio,
502 968 883 1053 intellegere
936 987 1069 1034 non
1121 991 1416 1070 possum3
1480 992 1679 1036 unum
1736 972 1903 1036 illud
1955 973 2288 1060 intellego,

266 1055 441 1140 quod
484 1056 765 1141 populus
798 1055 1147 1121 Romanus
1193 1057 1265 1122 in
1318 1058 1662 1124 reiectione
1718 1059 1999 1125 iudicum
2053 1061 2289 1127 iudica·

179 1170 240 1212 ιο
265 1144 380 1228 vit,
418 1164 495 1208 ea
530 1165 646 1228 spe
681 1144 884 1210 istum
918 1143 1121 1209 fuisse
1158 1145 1543 1229 praeditum,
1580 1151 1654 1211 ut
1682 1168 1939 1212 omnem
1967 1149 2288 1214 rationem

265 1230 500 1297 salutis
554 1232 625 1295 ιιι
675 1230 948 1316 pecunia
1003 1233 1454 1316 constitueret,
1508 1233 1631 1298 hoc
1686 1238 1909 1319 erepto
1964 1235 2285 1320 praesidio

265 1324 340 1385 ut
384 1319 636 1384 nullam
682 1319 809 1384 sibi
855 1341 992 1385 rem
1040 1320 1412 1385 adiumento
1458 1320 1598 1386 fore
1644 1321 2091 1389 arbitraretur.

397 1406 662 1474 Etenim
724 1407 899 1491 quod
961 1411 1060 1473 est
1125 1408 1457 1508 ingenium
1521 1413 1810 1494 tantum,
1876 1433 2039 1495 quae
2099 1416 2287 1478 tanta
2323 1424 2366 1485 4

263 1496 545 1561 facultas
592 1495 842 1560 dicendi
888 1500 954 1561 et
1000 1496 1212 1581 copia,
1260 1519 1425 1581 quae
1472 1496 1661 1562 istius
1707 1499 1914 1565 vitam
1959 1504 2061 1565 tot
2105 1500 2287 1565 vitiis

181 1609 239 1651 15
266 1583 664 1669 flagitiisque
710 1584 1091 1668 convictam,
1142 1584 1273 1651 iam
1319 1585 1570 1670 pridem
1616 1587 1904 1652 omnium
1949 1590 2286 1654 voluntate

266 1671 630 1772 iudicioque
677 1671 1052 1737 damnatam
1089 1672 1310 1756 aliqua
1346 1695 1424 1738 ex
1451 1678 1639 1759 parte
1665 1676 1876 1760 possit
1904 1676 2286 1743 defendere?

266 1760 446 1827 cuius
501 1762 576 1824 ut
631 1758 1103 1826 adulescentiae
1163 1762 1454 1827 maculas
1518 1762 2036 1848 ignominiasque
2099 1786 2288 1848 prae-
2328 1780 2392 1829 11

266 1843 532 1932 tei-eam,
579 1850 925 1931 quaestura
963 1848 1236 1933 [primus
1285 1849 1524 1934 gradus
1570 1850 1862 1930 honoris]
1911 1850 2067 1934 quid
2111 1851 2290 1917 aliud

265 1936 468 2001 habet
535 1935 607 1999 ιιι
671 1957 740 2000 se
801 1935 929 2000 nisi
996 1933 1109 2000 Cn.
1166 1934 1530 2001 Carbonem
1594 1937 1949 2022 spoliatum
2004 1959 2044 2002 a
2097 1960 2286 2023 quae-

181 2053 240 2092 20
267 2029 451 2091 store
492 2046 609 2090 suo
654 2024 926 2109 pecunia
969 2024 1249 2109 publica,
1293 2024 1609 2089 nudatum
1655 2029 1721 2088 et
1766 2025 2097 2125 proditum
2142 2049 2288 2093 con-

182 2116 192 2131 “
266 2113 493 2196 sulem,
529 2113 857 2177 desertum
894 2112 1263 2196 exercitum,
1301 2112 1596 2178 relictam
1633 2112 2054 2197 provinciam,
2089 2116 2287 2181 sortis

264 2199 818 2267 necessitudinem
850 2200 1358 2286 religionemque
1403 2200 1762 2286 violatam?
1814 2200 1993 2266 cuius
2040 2203 2286 2288 legatio

267 2289 538 2355 exitium
589 2287 716 2353 fuit
769 2287 967 2353 Asiae
1021 2288 1225 2354 totius
1282 2293 1348 2353 et
1390 2288 1854 2374 Pamphyliae,
1919 2289 2150 2375 quibus
2220 2293 2291 2357 ιιι

267 2376 617 2463 provinciis
665 2377 909 2442 multas
955 2376 1200 2460 domoS,
1244 2376 1561 2462 plurimas
1606 2379 1828 2461 urbeS,
1875 2380 2094 2445 omnia
2134 2380 2291 2446 fana

183 2492 238 2533 25
267 2466 683 2550 depeculatus
741 2468 867 2546 est,
920 2468 1061 2529 tum
1116 2487 1261 2530 cum
1310 2466 1408 2546 [in
1451 2463 1566 2531 Cn.
1611 2428 2053 2549 Dolabellam]
2101 2491 2291 2535 suum

268 2554 479 2618 scelus
525 2552 691 2617 illud
736 2551 1085 2637 pristinum
1139 2553 1479 2618 renovavit
1534 2557 1600 2618 et
1654 2553 2046 2621 instauravit
2101 2579 2290 2641 quae

268 2641 572 2724 storium,
628 2661 770 2704 cum
829 2661 1001 2722 eum,
1056 2640 1159 2706 cui
1214 2644 1280 2705 et
1335 2641 1592 2726 legatus
1650 2645 1716 2705 et
1770 2665 1888 2727 pro
1947 2648 2289 2727 quaestore

265 2729 528 2812 fuisset,
591 2731 657 2792 et
711 2728 780 2792 in
834 2727 1146 2793 invidiam
1201 2728 1333 2792 suis
1390 2729 1724 2794 maleficiis
1782 2730 2046 2795 adduxit
2103 2735 2168 2795 et
2222 2732 2293 2795 in

268 2817 429 2902 ipsis
474 2815 790 2902 ΡειιιιιιιΙιεν
818 2836 950 2880 ιιοιι
986 2816 1199 2880 solum
1237 2815 1537 2899 deseruit,
1575 2816 1688 2880 sed
1725 2818 1924 2882 etiam
1962 2839 2291 2903 oppugna·

185 2933 240 2974 30
268 2905 367 2970 vit
423 2927 499 2970 ac
541 2903 856 2990 prodidit;
909 2903 1089 2968 cuius
1134 2907 1443 2989 praetura
1487 2905 1738 2970 urbana
1783 2905 2038 2971 aedium
2085 2927 2292 2971 sacra·
2331 2920 2396 2968 12

269 3015 416 3058 rum
459 2992 586 3058 fuit
630 2991 1163 3077 publicorumque
1210 3013 1479 3077 operum
1525 2992 1947 3077 depeculatio,
1994 2992 2187 3058 simul
2224 2994 2294 3059 in

268 3081 407 3146 iure
438 3080 710 3145 dicundo
738 3080 1058 3145 bonorum
1093 3081 1705 3165 possessionumque
1743 3084 1968 3147 contra
2006 3081 2294 3147 omnium

266 3169 574 3234 instituta
627 3167 907 3232 addictio
964 3172 1030 3233 et
1084 3169 1491 3234 condonatio.
1588 3167 1732 3233 Iam
1786 3190 1938 3234 vcro
2004 3168 2294 3235 omnium

269 3258 581 3323 vitiorum
628 3277 891 3320 suorum
935 3257 1218 3355 plurima
1261 3261 1328 3321 et
1374 3256 1655 3321 maxima
1701 3256 2038 3322 constituit
2094 3258 2294 3323 moni-

187 3371 239 3414 35
271 3348 492 3410 menta
538 3348 604 3409 et
648 3343 889 3408 indicia
948 3343 1015 3408 in
1070 3344 1406 3429 provincia
1450 3341 1713 3427 Sicilia,
1751 3366 1947 3428 quam
2000 3345 2124 3410 iste
2178 3369 2294 3432 per

269 3433 622 3498 triennium
678 3431 774 3496 ita
827 3432 1085 3497 vexavit
1141 3454 1215 3498 ac
1282 3431 1592 3517 perdidit,
1649 3436 1723 3495 ut
1771 3454 1846 3497 ea
1907 3433 2166 3501 restitui
2225 3436 2295 3500 in

271 3523 613 3605 antiquum
653 3522 914 3584 statum
967 3521 1150 3586 nullo
1208 3519 1398 3585 modo
1458 3520 1696 3608 possit,
1751 3521 1860 3586 vix
1915 3526 2134 3590 autem
2178 3545 2294 3609 per
