2566 4016
273 227 402 290 124
748 225 827 280 IN
866 225 924 280 C.
961 224 1272 281 VERREM
1310 223 1530 280 ACTIO
1567 223 1816 280 PRIMA.

272 372 572 437 omnibus
616 369 791 436 fecit.
866 367 1078 435 Semel
1126 369 1222 433 ait
1266 390 1334 432 se
1379 368 1449 432 in
1492 368 1632 432 vita
1673 366 2105 452 pertimuisse,
2148 371 2293 432 tum

271 480 417 525 cum
461 459 743 544 primum
789 480 830 522 a
874 478 977 522 me
1020 478 1169 521 reus
1215 455 1427 521 faetus
1475 456 1590 540 sit,
1638 454 1826 539 quod,
1872 476 2017 520 cum
2064 476 2100 520 e
2142 476 2296 541 pro·

268 547 481 612 vincia
523 567 745 613 recens
792 549 966 611 esset
1008 544 1379 628 invidiaque
1426 548 1493 608 et
1537 543 1806 608 infamia
1849 564 1981 607 non
2030 544 2294 628 recenti,

272 635 384 700 sed
445 639 663 699 vetere
728 655 804 699 ac
866 633 1170 697 diuturna
1232 632 1572 718 flagraret,
1633 635 1803 696 tum·
1840 630 1923 696 ad
1983 631 2293 696 iudicium

201 745 235 792 6
272 721 808 807 corrumpendum
883 725 1139 805 tempus
1213 720 1496 785 alienum
1569 719 1937 785 offenderet.
2042 718 2293 805 Itaque,
2320 747 2351 789 ⁵

271 832 418 876 cum
456 830 577 895 ego
617 809 787 874 diem
820 807 1186 892 inquirendi
1212 808 1281 872 in
1311 805 1597 874 Siciliam
1625 807 2044 893 perexiguam
2069 811 2294 892 postu-

272 899 605 979 lavissem,
675 897 925 961 invenit
994 897 1148 980 iste,
1220 896 1333 981 qui
1392 896 1517 960 sibi
1579 895 1651 959 in
1712 894 2032 960 Achaiam
2092 894 2292 960 biduo

271 986 637 1051 breviorem
684 984 854 1049 diem
898 984 1293 1069 postularet,
1335 1005 1467 1048 non
1511 987 1586 1047 ut
1631 983 1687 1047 is
1732 982 1905 1048 idem
1950 983 2294 1049 conficeret

274 1073 614 1158 diligentia
667 1076 736 1137 et
787 1071 1107 1136 industria
1162 1093 1306 1156 sua,
1361 1070 1534 1155 quod
1587 1091 1711 1157 ego
1766 1091 1909 1135 meo
1956 1070 2177 1136 labore
2223 1074 2293 1135 et

273 1160 518 1247 vigiliis
567 1163 946 1226 consecutus
995 1181 1165 1242 sum3
1215 1159 1455 1224 etenim
1501 1159 1612 1222 ille
1658 1158 1982 1224 Achaicus
2027 1158 2291 1241 inquisi-
2323 1187 2381 1227 10

273 1254 381 1314 tor
425 1270 507 1314 ne
551 1247 970 1313 Brundisium
1015 1247 1274 1332 quidem
1320 1246 1643 1332 pervenit,
1693 1267 1815 1332 ego
1863 1244 2150 1311 Siciliam
2195 1250 2294 1311 to-

273 1342 413 1402 tam
458 1336 933 1422 quinquaginta
977 1335 1203 1401 'diebus
1251 1339 1343 1400 sic
1389 1335 1550 1418 obii,·
1584 1339 1660 1398 ut
1700 1334 1990 1399 omnium
2024 1335 2295 1419 populo-

272 1445 418 1489 rum
472 1424 1006 1509 privatorumque
1059 1424 1317 1488 litteras
1367 1421 1765 1506 iniuriasque
1811 1443 2294 1509 cognoscerem3

275 1515 349 1577 ut
377 1511 788 1595 perspicuum
817 1511 1018 1576 cuivis
1048 1532 1190 1575 esse
1215 1515 1440 1595 posset
1467 1510 1798 1575 hominem
1824 1510 1908 1575 ab
1935 1510 2066 1575 isto
2103 1532 2292 1594 quae-

274 1600 473 1663 situm
528 1619 694 1683 esse,
751 1619 884 1663 non
939 1599 1048 1682 qui
1103 1620 1287 1663 reum
1343 1619 1532 1663 suum
1587 1597 1958 1682 adduceret,
2014 1597 2128 1663 sed
2181 1599 2292 1683 qui
2320 1626 2374 1669 ιε

271 1708 488 1752 meum
533 1690 790 1771 tempus
838 1686 1181 1751 obsideret.

195 1756 235 1880 ξ
402 1773 592 1840 Nunc
637 1775 834 1840 homo
873 1774 1339 1840 audacissimus
1387 1779 1583 1857 atque
1630 1774 2113 1840 amentissimus
2166 1773 2291 1839 hoc

271 1863 538 1949 cogitat.
626 1861 965 1949 Intellegit
1019 1884 1123 1927 me
1167 1862 1264 1927 ita
1309 1865 1612 1947 paratum
1659 1866 1853 1946 atque
1897 1862 2290 1928 instructum

270 1951 339 2016 in
393 1951 700 2017 iudicium
753 1952 1000 2036 venire,
1052 1954 1128 2018 ut
1181 1971 1315 2017 non
1373 1950 1564 2016 modo
1610 1949 1680 2016 in
1726 1950 1989 2016 auribus
2036 1951 2290 2036 vestris,

273 2039 384 2104 sed
410 2041 480 2104 in
508 2040 711 2106 oculis
751 2040 1038 2106 omnium
1078 2061 1196 2105 sua
1225 2039 1409 2104 furta
1444 2043 1640 2122 atque
1676 2038 1930 2125 flagitia
1967 2039 2289 2104 defixurus
2318 2067 2375 2109 ιο

271 2127 423 2211 sim3
465 2128 645 2194 videt
683 2131 1013 2193 senatores
1052 2128 1294 2191 multos
1334 2147 1474 2192 esse
1516 2130 1719 2191 testes
1766 2127 2068 2194 audaciae
2114 2148 2288 2212 suae,

269 2216 448 2280 videt
502 2216 745 2279 multos
800 2215 1051 2298 equites
1105 2213 1467 2299 Romanos,
1525 2213 1897 2298 frequentes
1954 2218 2292 2300 praeterea

270 2304 442 2367 cives
472 2307 668 2384 atque
697 2301 927 2384 sociOS,
966 2301 1199 2383 quibus
1231 2302 1374 2385 ipse
1411 2301 1701 2387 insignes
1739 2303 2008 2368 iniurias
2044 2303 2290 2388 fecerit,

268 2388 445 2452 videt
503 2389 705 2452 etiam
763 2392 866 2453 tot
925 2394 1062 2452 tam
1126 2409 1360 2474 graves
1417 2390 1500 2455 ab
1558 2390 1965 2455 amicissimis
2013 2391 2288 2457 civitati·

268 2477 391 2541 bus
437 2476 799 2560 legationes
845 2498 990 2542 cum
1029 2477 1309 2561 publicis
1357 2478 1857 2544 auctoritatibus
1895 2480 2289 2545 convenisse.
2317 2505 2371 2547 ιε

197 2585 230 2633 8
269 2561 447 2638 Quae
493 2585 640 2629 cum
682 2564 780 2629 ita
826 2564 983 2648 sint,
1038 2586 1241 2649 usque
1290 2586 1365 2631 eo
1413 2565 1490 2629 de
1538 2566 1837 2631 omnibus
1881 2567 2072 2632 bonis
2119 2568 2289 2633 male

268 2652 617 2736 existimat,
662 2673 865 2738 usque
883 2660 977 2718 ‘eo
1017 2653 1345 2719 senatoria
1371 2653 1607 2718 iudicia
1633 2654 1888 2738 perdita
1912 2654 2290 2741 profligata·

268 2762 391 2825 que
437 2762 577 2807 esse
625 2740 1008 2826 arbitratur,
1062 2744 1137 2805 ut
1180 2741 1307 2806 hoc
1352 2742 1572 2826 palam
1630 2741 1910 2827 dictitet,
1962 2764 2095 2808 non
2151 2744 2289 2808 sine

266 2849 463 2895 causa
508 2849 579 2895 se
622 2829 924 2914 cupidum
960 2829 1267 2914 pecuniae
1303 2828 1523 2913 fuisse,
1572 2830 1876 2912 quoniam
1910 2831 1982 2895 in
2016 2831 2290 2916 pecunia

263 2920 521 2982 tantum
568 2917 961 3002 praesidium
1009 2917 1378 3002 experiatur
1421 2938 1591 3001 esse3
1641 2938 1798 3003 sese,
1840 2919 1910 2983 id
1955 2919 2128 3002 quod
2174 2919 2289 2984 dif-
2315 2944 2373 2986 so

263 3004 627 3071 ficillimum
695 3004 923 3088 fuerit,
985 3009 1242 3089 tempus
1307 3006 1522 3089 ipsum
1587 3006 1821 3072 emisse
1884 3006 2105 3073 iudicii
2170 3008 2291 3091 sui,

265 3114 393 3178 quo
440 3097 655 3158 cetera
698 3091 952 3158 facilius
1001 3113 1211 3157 emere
1258 3098 1488 3177 postea
1534 3098 1783 3179 posset3
1832 3099 1933 3178 ut,
1979 3094 2288 3179 quoniam

266 3181 607 3246 criminum
654 3181 785 3246 vim
833 3180 1281 3267 subterfugere
1327 3182 1510 3246 nullo
1557 3183 1749 3248 modo
1795 3186 2082 3268 poterat,
2141 3204 2290 3268 pro-

196 3289 228 3336 9
265 3269 498 3334 cellam
530 3269 846 3353 temporis
885 3268 1218 3335 devitaret.
1293 3267 1537 3344 Quodsi
1571 3292 1704 3335 non
1739 3270 1931 3337 modo
1966 3272 2038 3335 in
2073 3293 2291 3356 causa,

263 3377 490 3421 verum
534 3357 604 3420 in
649 3356 869 3441 aliquo
913 3357 1189 3422 honesto
1235 3357 1558 3441 praesidio
1597 3361 1713 3423 aut
1744 3359 1815 3424 in
1851 3359 2125 3425 alicuius
2163 3361 2289 3425 elo-
2316 3384 2371 3425 ss

268 3443 531 3526 quentia
576 3449 691 3508 aut
738 3445 953 3530 gratia
998 3466 1180 3528 spem
1223 3445 1511 3531 aliquam
1549 3447 1949 3531 collocasset,
1994 3446 2287 3532 profecto

263 3551 396 3594 non
440 3529 602 3596 haec
650 3532 867 3596 omnia
912 3532 1253 3618 colligeret
1290 3536 1486 3618 atque
1524 3538 1971 3620 aucuparetur,
2012 3556 2147 3601 non
2179 3556 2287 3602 us-
