2566 4016
332 194 461 259 378
932 192 1011 245 IN
1048 193 1106 247 C.
1135 191 1449 246 VERREM
1487 191 1648 246 ACT.
1685 192 1753 245 Π.

332 359 534 420 scere3
580 358 683 401 me
720 336 891 401 enim
925 336 1187 401 tabulas
1232 340 1382 400 tuas
1427 335 1669 400 habere
1716 339 1783 399 et
1827 334 2119 420 proferre
2167 358 2359 420 opor·

330 426 532 491 tebat.
608 423 852 489 Verum
898 446 1101 510 negas
1145 427 1213 488 te
1258 425 1495 489 horum
1542 444 1860 488 annorum
1908 423 2163 507 aliquot
2209 446 2358 488 con-

329 514 575 579 fecisse.
657 511 964 597 Conpone
1018 513 1166 595 hoc,
1222 512 1397 596 quod
1445 512 1738 596 postulo,
1793 511 1871 574 de
1918 517 2191 597 argento
2201 562 2218 594 ‚
2279 513 2359 576 de

331 602 582 686 reliquo
654 601 892 666 videro.
1003 599 1170 665 ‘Nec
1244 599 1559 684 scriptum
1630 599 1839 664 habeo
1903 621 2021 664 nec
2083 621 2358 683 possum

332 689 559 755 edere?
677 687 845 763 Quid
918 689 1210 753 futurum
1287 688 1493 774 igitur
1565 687 1709 752 est?
1792 686 1945 771 quid
2019 687 2355 753 existimas
2387 706 2417 746 5

331 780 527 844 hosce
581 777 822 841 iudices
876 776 1089 841 facere
1144 776 1382 860 posse‘?
1466 775 1716 840 Domus
1772 776 1967 859 plena
2015 775 2359 860 signorum

331 865 915 952 pulcherrimorum
952 864 1084 928 iam
1131 868 1281 929 ante
1327 867 1731 948 praeturam,
1778 864 1985 927 multa
2033 863 2115 927 ad
2159 864 2358 929 villas

331 959 481 1018 tuas
526 952 770 1036 posita,
816 953 1027 1017 multa
1072 952 1371 1036 deposita
1417 952 1590 1035 apud
1636 950 1877 1016 amicos
1887 1001 1905 1034 ,
1951 952 2158 1015 multa
2204 952 2360 1017 aliis

333 1041 488 1106 data
538 1044 733 1125 atque
779 1041 1046 1124 donata3
1098 1040 1366 1105 tabulae
1411 1040 1667 1103 nullum
1710 1039 1999 1103 indicant
2045 1044 2363 1122 emptum.

333 1128 539 1194 Omne
577 1132 921 1215 argentum
960 1129 1254 1194 ablatum
1293 1149 1371 1191 ex
1408 1125 1630 1193 Sicilia
1668 1130 1787 1210 est,
1831 1127 1997 1191 nihil
2034 1127 2364 1212 cuiquam,
2398 1147 2451 1187 ιο

334 1218 506 1302 quod
571 1239 757 1282 suum
815 1216 939 1281 dici
954 1249 973 1267 ·
993 1218 1219 1300 vellet,
1282 1215 1599 1280 relictum.
1697 1213 2002 1300 Fingitur
2053 1216 2367 1299 improba

333 1305 640 1388 defensio,
675 1308 1045 1390 praetorem
1073 1326 1262 1369 omne
1290 1304 1359 1367 id
1387 1306 1728 1389 argentum
1756 1303 2094 1385 coiimisse3
2130 1307 2367 1369 tamen

331 1394 398 1457 id
452 1395 667 1476 ipsum
721 1393 966 1456 tabulis
1031 1391 1465 1456 demonstrari
1518 1412 1652 1456 non
1703 1394 1940 1476 potest.
2031 1389 2125 1475 Si,
2190 1415 2366 1476 quas

330 1480 591 1545 tabulas
628 1477 899 1563 profers,
945 1479 1015 1542 in
1050 1479 1171 1562 his,
1218 1501 1383 1562 quae
1418 1479 1641 1563 habe8‚
1687 1501 1814 1562 quo
1852 1479 2043 1544 modo
2090 1479 2367 1565 habeaS,

333 1568 648 1651 scriptum
702 1587 833 1631 non
888 1571 1014 1650 est,
1074 1567 1310 1631 horum
1365 1570 1582 1631 autem
1636 1571 2031 1651 temporum,
2085 1590 2234 1632 cum
2291 1574 2367 1635 te
2399 1587 2449 1627 15

331 1655 649 1739 plurimas
687 1676 790 1719 res
829 1655 1061 1720 emisse
1099 1654 1276 1738 dieis,
1322 1654 1585 1720 tabulas
1632 1655 1896 1719 omnino
1941 1656 2158 1720 nullas
2203 1680 2367 1741 pro-

331 1744 482 1826 fem,
527 1765 741 1808 nonne
777 1747 843 1808 te
881 1747 947 1808 et
987 1743 1264 1827 prolatis
1304 1747 1371 1807 et
1415 1764 1548 1808 non
1590 1743 1869 1827 prolatis
1914 1744 2160 1808 tabulis
2207 1767 2369 1811 con-

232 1874 312 1936 17
336 1831 629 1897 demnari
672 1853 931 1896 necesse
977 1832 1120 1896 est‘?

229 1952 298 2000 3⁷
468 1919 567 1984 Tu
624 1943 663 1985 a
715 1919 802 1984 M.
841 1918 1092 2004 Coelio,
1146 1918 1363 2004 equite
1412 1919 1735 2001 Romano,
1790 1919 2143 1984 lectissimo
2201 1922 2372 1988 adu·

333 2011 633 2092 lescente,
672 2031 837 2093 quae
872 2010 1157 2093 voluisti,
1190 2007 1490 2092 Lilybaei
1525 2007 1877 2091 abstulisti,
1908 2012 1984 2073 tu
2012 2005 2081 2073 C.
2100 2006 2370 2096 Camiri,
2398 2030 2446 2068 no

332 2098 623 2182 prompti
675 2097 959 2162 hominis
1006 2102 1073 2161 et
1124 2096 1512 2181 experientis
1560 2100 1626 2160 et
1669 2095 1740 2159 in
1782 2096 2011 2180 primis
2058 2098 2372 2183 gratiosi,

335 2185 805 2270 supellectilem
860 2205 1116 2249 omnem
1162 2184 1415 2249 auferre
1459 2204 1591 2248 non
1636 2184 1978 2268 dubitasti,
2032 2188 2106 2249 tu
2153 2188 2371 2251 maxi-

333 2295 509 2337 mam
564 2276 630 2336 et
683 2272 1187 2356 pulcherrimam
1237 2293 1528 2336 mensam
1574 2272 1843 2336 citream
1890 2295 1930 2337 a
1975 2271 2047 2347 Q.
2082 2272 2371 2341 Lutatio

332 2360 648 2442 Diodoro,
713 2360 825 2443 qui
888 2359 962 2435 Q.
1017 2358 1237 2424 Catuli
1299 2359 1610 2425 beneficio
1675 2361 1758 2424 ab
1820 2359 1891 2425 L.
1944 2358 2128 2425 Sulla
2190 2364 2370 2428 civis

331 2448 666 2511 Romanus
702 2446 917 2511 factus
961 2452 1077 2529 est,
1129 2447 1429 2512 omnibus
1476 2447 1829 2512 scientibus
1863 2448 2163 2532 Lilybaei
2211 2452 2372 2517 abs·
2398 2469 2443 2508 2⁵

331 2534 565 2599 tulisti.
645 2533 798 2599 Non
841 2535 965 2599 tibi
1012 2534 1249 2619 obicio,
1298 2536 1470 2619 quod
1515 2536 1842 2601 hominem
1897 2537 2373 2621 dignissimum

332 2623 465 2688 tuis
521 2623 809 2688 moribus
819 2673 837 2706 ,
901 2623 1355 2708 Apollonium,
1413 2622 1681 2688 Niconis
1735 2624 1970 2709 filium,
2031 2624 2372 2709 Drepani·

331 2716 591 2794 tanum,
652 2712 766 2796 qui
815 2733 986 2776 nunc
1041 2713 1118 2776 A.
1165 2709 1428 2777 Clodius
1483 2716 1779 2795 vocatur,
1842 2712 2022 2776 omni
2075 2720 2371 2799 argento

332 2802 579 2884 optime
622 2800 798 2865 facto
845 2799 1146 2902 spoliasti
1189 2823 1266 2901 ac
1312 2799 1726 2884 depeculatus
1773 2820 1869 2883 es3
1913 2804 2117 2865 taceo.
2201 2802 2374 2869 Non

332 2978 583 3042 homini
640 2977 773 3042 iam
830 2976 1086 3061 perdito
1144 2980 1210 3040 et
1263 2976 1504 3040 collum
1560 2975 1630 3038 in
1682 2976 1986 3059 laqueum
2040 2976 2375 3044 inserenti

334 3065 720 3148 subvenisti,
797 3087 943 3129 cum
1013 3063 1282 3147 pupillis
1353 3062 1818 3148 Drepanitanis
1890 3064 2065 3129 bona
2136 3068 2376 3150 patria

334 3157 558 3303 {2²¹⁰ssss
605 3153 963 3323 ffifflssssss‘i',
995 3155 1279 3304 {Ttffi
1310 3151 2165 3305 123⁸'111ffiu33312132fflf'335m3
2203 3157 2376 3309 (ἐξὲξ

337 3325 495 3388 dico.
585 3327 691 3392 Ab
745 3326 1002 3411 Lysone
1065 3349 1219 3393 vero
1273 3326 1731 3411 Lilybaetan0‚
1793 3328 2006 3412 primo
2069 3329 2375 3415 homine,
2404 3347 2452 3388 ⁸⁵

337 3411 508 3490 apud
564 3434 754 3495 quem
806 3415 1180 3480 deversatus
1229 3438 1298 3480 es
1307 3466 1325 3499 ,
1372 3416 1700 3500 Apollinis
1748 3416 2011 3502 signum
2056 3418 2376 3485 ablatum

337 3499 509 3556 certe
562 3518 693 3562 non
748 3503 1055 3583 oportuit.
1154 3503 1350 3569 Dices
1404 3509 1471 3568 te
1527 3504 1778 3570 emisse.
1870 3503 2042 3589 Scio,
2096 3503 2214 3571 HS
2265 3529 2379 3574 00.
