2566 4016
325 212 456 276 310
924 209 1003 263 IN
1040 207 1098 263 C.
1127 207 1437 263 VERREM
1472 205 1632 261 AOT.
1672 204 1739 261 11.

322 355 784 421 Menaenorum
857 375 1003 419 cum
1058 352 1340 417 Venerio
1414 373 1619 417 servo.
1726 348 2117 436 Cognoscite
2179 348 2344 414 item

323 442 757 527 professiones
856 442 1183 508 sationum
1274 444 1342 504 et
1428 439 1762 524 pactiones
1858 438 2342 503 Menaenorum.

323 531 696 615 Patiemini,
767 530 1034 612 iudices,
1108 551 1149 593 a
1220 527 1410 593 sociis
1422 578 1440 609 ,
1513 528 1597 593 ab
1671 527 2040 592 aratoribus
2109 526 2342 611 populi

324 619 633 702 Romani,
714 618 799 683 ab
881 618 1000 701 eis,
1083 616 1194 701 qui
1273 616 1460 681 vobis
1538 615 1871 699 laborant,
1949 612 2137 679 vobis
2214 635 2343 677 ser·

324 708 537 790 viunt,
591 706 703 790 qui
755 707 851 770 ita
903 705 1160 790 plebem
1205 703 1570 768 Romanam
1624 703 1707 768 ab
1765 723 1905 767 sese
1956 702 2047 767 ali
2090 703 2346 785 volunt,
2373 719 2402 760 ⁵

325 799 400 860 ut
454 795 581 859 sibi
636 816 710 859 ac
764 793 987 857 liberis
1043 793 1177 858 suis
1231 795 1492 857 tantum
1539 791 1849 878 supersit,
1903 812 2031 875 quo
2076 790 2206 874 ipsi
2252 789 2346 853 ali

324 883 606 967 possint,
662 881 745 946 ab
792 881 896 945 his
941 902 1057 965 per
1104 901 1424 945 summam
1470 880 1801 962 iniuriam,
1846 898 1963 964 per
2006 877 2346 943 acerbissi-

327 991 466 1034 mas
523 969 949 1034 contumelias
998 969 1145 1052 plus
1193 968 1530 1051 aliquanto
1579 968 1874 1032 ablatum
1921 974 2089 1050 esse,
2144 987 2346 1050 quam

324 1061 555 1122 natum
600 1057 733 1122 sit‘?

225 1160 325 1210 103
462 1143 704 1228 Sentio,
739 1145 999 1227 iudiceS,
1036 1143 1501 1210 moderandum
1527 1142 1661 1208 iam
1690 1143 1853 1208 mihi
1881 1163 2023 1208 esse
2059 1142 2348 1207 orationi
2381 1161 2433 1201 ιο

329 1255 509 1300 meae
535 1233 1036 1320 fugiendamque
1065 1236 1351 1298 vestram
1381 1232 1771 1297 satietatem.
1843 1229 1997 1296 Non
2030 1231 2347 1295 versabor

278 1322 282 1326 ’
326 1322 396 1386 in
449 1343 578 1386 uno
635 1341 866 1407 genere
923 1321 1163 1386 diutius
1217 1323 1286 1385 et
1334 1321 1430 1385 ita
1475 1323 1688 1385 cetera
1734 1319 1812 1384 de
1856 1319 2150 1383 oratione
2196 1340 2349 1382 mea

326 1411 580 1491 tollam,
623 1412 698 1472 ut
740 1409 811 1473 in
854 1428 1049 1473 causa
1092 1411 1315 1473 tamen
1359 1408 1737 1492 relinquam.
1818 1406 2117 1472 Audietis
2149 1405 2349 1491 Agri-

329 1497 761 1582 gentinorum,
795 1495 1304 1559 fortissimorum
1339 1495 1646 1579 virorum,
1693 1495 2346 1581 diligentissimorum

329 1586 680 1667 aratorum,
727 1583 1181 1667 querimonias,
1227 1584 1632 1668 cognoscetis
1677 1583 2179 1665 Entellinorum,
2227 1581 2345 1646 ho-
2378 1598 2442 1642 ιε·

328 1671 577 1736 minum
613 1670 852 1735 summi
887 1668 1132 1735 laboris
1171 1692 1587 1756 summaeque
1631 1671 2010 1754 industriae,
2054 1672 2345 1735 dolorem

330 1763 396 1824 et
444 1759 741 1843 iniurias,
795 1759 1340 1843 Heracliensium,
1396 1759 1795 1844 Gelensium,
1849 1758 2345 1825 Soluntinorum

327 1847 737 1914 incommoda
784 1847 1220 1932 proferentur,
1276 1845 1749 1931 Catinensium,
1803 1846 2347 1932 locupletissimo·

328 1958 474 2001 rum
536 1936 873 2002 hominum
929 1935 1619 2021 amicissimorumque,
1684 1956 1878 2022 agros
1933 1939 2201 2000 vexatos
2261 1936 2346 2000 ab

328 2024 619 2108 Apronio
658 2026 1080 2112 cognoscetis,
1117 2025 1645 2110 Tyndaritanam,
1679 2024 2156 2090 nobilissimam
2193 2023 2350 2089 civi·
2376 2044 2426 2083 ιο

327 2116 560 2195 tatem,
605 2112 1252 2197 Cephaloeditanam,
1296 2113 1753 2195 Haluntinam,
1788 2112 2347 2197 Apollomensem,

327 2201 427 2267 En
434 2201 719 2287 guinam,
765 2197 1137 2284 Capitinam
1173 2201 1462 2285 perditas
1501 2222 1641 2267 esse
1681 2201 1805 2266 hac
1847 2201 2195 2285 iniquitate
2243 2202 2348 2265 de-

326 2309 661 2354 cumarum
684 2287 1101 2372 intellegetiS,
1129 2288 1490 2371 InensibuS,
1517 2288 1971 2375 Murgentinis,
1989 2288 2348 2372 Assorinis,

328 2375 688 2457 HeloriniS,
752 2373 980 2438 Ietinis
1044 2375 1209 2441 nihil
1276 2377 1538 2443 omnino
1591 2378 1915 2461 relictum,
1981 2375 2347 2462 Cetarinos,

329 2460 692 2545 ScherinoS,
727 2484 1077 2546 parvarum
1103 2464 1444 2529 civitatum
1476 2465 1791 2549 homineS,
1830 2465 2094 2530 omnino
2131 2465 2348 2531 abiec-
2374 2482 2422 2522 π

328 2555 434 2615 tos
471 2569 613 2614 esse
651 2571 724 2614 ac
769 2550 1078 2634 perditos,
1123 2574 1345 2617 omnes
1395 2553 1664 2636 denique
1711 2574 1905 2639 agros
1954 2553 2347 2619 decumanos

327 2661 445 2723 per
496 2638 847 2703 triennium
900 2639 1143 2723 populo
1198 2639 1494 2706 Romano
1550 2662 1628 2705 ex
1680 2645 1868 2725 parte
1923 2641 2221 2725 decuma,
2281 2639 2348 2707 C.

325 2727 521 2793 Verri
576 2748 653 2791 ex
708 2726 885 2792 omni
938 2728 1189 2813 reliquo
1235 2729 1578 2814 vectigalis
1623 2728 1850 2813 fuisse,
1904 2733 1971 2794 et
2014 2730 2350 2815 plerisque

327 2815 697 2882 aratoribus
723 2814 891 2879 nihil
929 2816 1192 2882 omnino
1231 2816 1652 2900 superfuisse,
1696 2817 1755 2881 si
1789 2818 1893 2882 cui
1929 2817 2086 2901 quid
2121 2822 2350 2883 autem

328 2908 442 2969 aut
513 2902 813 2968 relictum
885 2907 1002 2968 aut
1070 2905 1414 2970 remissum
1487 2905 1602 2987 sit,
1671 2905 1739 2969 id
1800 2905 2001 2970 fuisse
2063 2908 2349 2990 tantum,
2376 2922 2424 2963 ³⁰

328 2995 643 3077 quantum
690 3013 767 3056 ex
812 3012 915 3075 eo,
966 3013 1093 3075 quo
1138 2993 1330 3057 istius
1378 2993 1655 3058 avaritia
1700 2996 2006 3058 contenta
2048 2992 2205 3078 fuit,
2252 3015 2349 3059 re-

328 3080 649 3145 dundarit.

218 3137 328 3262 ᾗ
459 3167 753 3232 Duarum
780 3167 942 3231 mihi
970 3168 1310 3233 civitatum
1347 3169 1631 3253 reliquos
1668 3168 1794 3234 feci
1831 3190 2045 3255 agros,
2079 3168 2349 3254 iudices,

326 3253 462 3317 fere
491 3255 774 3338 optimos
807 3276 882 3320 ac
916 3255 1380 3339 nobilissimos,
1408 3255 1803 3321 Aetnensem
1841 3260 1907 3321 et
1933 3255 2349 3323 Leontinum.

326 3339 578 3404 Horum
617 3363 738 3426 ego
777 3363 1085 3428 agrorum
1130 3344 1365 3409 missos
1410 3344 1647 3410 faciam
1695 3348 2002 3430 quaestus
2049 3344 2349 3428 triennii3
2377 3361 2426 3402 ³⁵

327 3444 526 3488 unum
581 3448 818 3492 annum
874 3431 1139 3516 eligam,
1197 3454 1325 3517 quo
1378 3431 1636 3498 facilius
1690 3432 1785 3516 id,
1840 3432 2013 3517 quod
2067 3432 2352 3517 institui,

330 3510 647 3590 explicare
710 3516 973 3597 possim.
1074 3517 1342 3585 Sumam
1397 3542 1637 3585 annum
1691 3521 1986 3604 tertium,
2050 3521 2229 3604 quod
2286 3525 2356 3586 et
