2566 4016
279 136 409 200 216
911 135 992 191 IN
1030 134 1087 191 Ο.
1116 135 1423 191 VERREM
1459 134 1617 191 AOT.
1656 134 1722 192 Π.

278 280 558 366 pinquis,
604 280 687 346 da
730 280 1153 366 palaestritiS,
1197 279 1510 365 praedare
1556 279 1625 345 in
1670 278 1859 344 bonis
1905 279 2135 346 alienis
2179 302 2289 346 no—

280 369 453 434 mine
517 369 831 453 civitatis,
895 372 1110 434 everte
1164 369 1344 455 leges
1354 418 1372 451 ‚
1434 371 1855 452 testamenta,
1916 369 2287 434 voluntates

280 461 711 541 mortuorum,
765 457 910 522 iura
963 456 1287 540 vivorum3
1339 477 1497 521 num
1551 455 1749 521 etiam
1800 456 2032 541 patriis
2088 455 2288 522 Hera·

279 545 476 611 elium
530 545 718 611 bonis
775 545 1117 611 exturbare
1170 543 1507 630 oportuit?
1597 542 1722 619 Qui
1776 544 1971 609 simul
2021 567 2095 610 ac
2138 566 2287 629 pro-

276 634 478 719 fugit,
532 656 728 719 quam
771 633 1208 717 impudenter,
1263 654 1458 717 quam
1503 632 1751 717 palam,
1801 654 1997 717 quam
2041 633 2288 716 acerbe,
2313 654 2340 696 ο

279 722 347 787 di
389 722 823 806 immortales,
876 722 995 788 illa
1040 722 1212 787 bona
1257 719 1514 805 direpta
1556 721 1736 785 sunt!
1783 743 1979 805 quam
2021 721 2140 786 illa
2184 742 2286 785 res

278 811 663 876 calamitosa
715 808 1047 895 Heraclio,
1109 812 1502 894 quaestuosa
1546 807 1764 892 Verri,
1826 809 2038 895 turpis
2099 808 2286 893 Syra-

280 898 564 983 cusanis,
636 897 1001 964 miseranda
1073 897 1373 963 omnibus
1445 895 1815 962 videbatur!
1920 897 2062 963 Iam
2123 897 2286 962 illud

279 986 538 1071 quidem
591 986 818 1051 statim
873 990 1160 1070 curatur,
1222 988 1324 1069 ut,
1384 984 1685 1068 quicquid
1740 985 1974 1051 caelati
2029 985 2287 1072 argenti

276 1074 404 1138 fuit
457 1075 526 1138 in
578 1074 712 1139 illis
765 1074 978 1159 bonis,
1034 1074 1115 1140 ad
1159 1073 1361 1139 istum
1408 1071 1763 1158 deferatur,
1816 1074 2119 1159 quicquid
2164 1073 2286 1140 Co·
2312 1097 2365 1138 ιο

278 1163 672 1228 rinthiorum
697 1184 1020 1246 vasorum,
1057 1162 1392 1247 stragulae
1419 1160 1649 1244 vestis3
1682 1161 1844 1228 haec
1880 1184 2068 1228 nemo
2106 1162 2286 1227 dubi-

276 1252 464 1316 tabat
502 1251 659 1335 quin
693 1273 826 1317 non
863 1251 1053 1317 modo
1092 1273 1171 1316 ex
1203 1251 1323 1314 illa
1367 1249 1559 1315 domo
1605 1253 1799 1335 capta
1844 1256 1910 1316 et
1956 1268 2285 1352 oppressa,

275 1361 502 1404 verum
553 1339 804 1420 [etiam]
853 1361 930 1404 ex
974 1342 1120 1404 tota
1163 1337 1499 1424 provincia
1542 1337 1625 1403 ad
1669 1338 1870 1405 istum
1916 1339 2288 1424 conportari

274 1447 583 1491 necesse
563 1430 778 1491 essct.
875 1425 1227 1512 Mancipia,
1295 1447 1459 1510 quae
1514 1425 1751 1510 voluit,
1804 1427 2100 1512 abduxit,
2155 1427 2286 1492 alia

277 1513 527 1597 divisit3
581 1513 795 1579 auctio
840 1513 1016 1579 facta
1061 1517 1189 1599 est,
1240 1513 1313 1577 in
1357 1536 1485 1598 qua
1528 1514 1761 1580 cohors
1806 1515 1996 1581 istius
2041 1478 2286 1581 invicta
2316 1538 2367 1578 15

170 1617 239 1667 47
277 1601 612 1666 dominata
674 1606 790 1667 est.
838 1601 1134 1667 Verum
1195 1600 1361 1665 illud
1414 1605 1516 1667 est
1567 1603 1994 1695 praeclarum.
2093 1600 2287 1688 Syra-

276 1689 517 1775 cusani,
560 1690 671 1774 qui
706 1689 1124 1775 praefuerant
1158 1689 1263 1754 his
1301 1688 1590 1755 Heraclii
1639 1690 1828 1757 bonis
1874 1688 2074 1758 verbo
2120 1692 2287 1756 redi-

276 1779 528 1864 gendis,
572 1800 644 1843 re
686 1778 1167 1863 dispertiendis,
1211 1777 1569 1842 reddebant
1613 1797 1835 1844 eorum
1870 1780 2286 1865 negotiorum

272 1867 595 1933 rationem
645 1867 715 1931 in
770 1869 1026 1951 senatu3
1082 1866 1384 1932 dicebant
1438 1865 1833 1951 scyphorum
1885 1868 2072 1953 paria
2116 1889 2286 1933 com-

272 1955 489 2040 plura,
533 1955 800 2041 hydrias
841 1959 1185 2042 argenteas
1229 1953 1579 2040 pretiosae,
1623 1957 1873 2022 vestem
1918 1957 2287 2042 stragulam
2315 1979 2371 2019 ιο

274 2045 575 2129 multam,
622 2043 948 2129 mancipia
990 2044 1282 2129 pretiosa
1326 2042 1481 2108 data
1526 2062 1667 2108 esse
1702 2040 1923 2127 Verri3
1968 2045 2287 2129 dicebant,

273 2135 590 2216 quantum
639 2134 867 2216 cuique
922 2132 1058 2198 eius
1113 2132 1295 2196 iussu
1347 2152 1760 2197 nummorum
1815 2136 1987 2197 esset
2040 2132 2285 2198 datum.

274 2219 637 2285 Gemebant
664 2217 1070 2303 Syracusani,
1107 2217 1218 2283 sed
1245 2221 1469 2283 tamen
1493 2219 1929 2303 patiebantur.
1991 2221 2287 2306 Repente

272 2309 586 2373 recitatur
612 2328 741 2371 uno
778 2306 1039 2372 nomine
1066 2304 1289 2371 HS*
1210 2322 1340 2372 000
1378 2307 1558 2372 iussu
1583 2309 1904 2391 praetoris
1932 2308 2088 2375 data
2124 2330 2286 2374 esse.

272 2394 382 2459 Fit
416 2393 737 2458 maximus
773 2394 1020 2459 clamor
1057 2395 1364 2478 omnium,
1400 2416 1534 2460 non
1574 2395 1766 2461 modo
1804 2397 2038 2481 optimi
2074 2397 2282 2463 cuius-
2313 2419 2365 2460 85

275 2503 397 2567 que
434 2502 643 2565 neque
679 2502 920 2566 eorum,
957 2482 1190 2566 quibus
1225 2483 1565 2568 indignum
1602 2503 1856 2568 semper
1891 2485 2105 2551 visum
2142 2489 2288 2551 erat

272 2570 532 2656 privata
593 2569 766 2634 bona
823 2570 1050 2671 populi
1106 2572 1368 2636 nomine
1426 2593 1542 2657 per
1601 2592 1920 2637 summam
1977 2573 2287 2639 iniuriam

274 2663 524 2743 erepta,
579 2679 804 2723 verum
859 2658 1057 2723 etiam
1110 2659 1212 2724 illi
1260 2659 1390 2744 ipsi
1434 2662 1729 2725 auctores
1774 2660 2047 2727 iniuriae
2093 2665 2160 2726 et
2204 2683 2288 2727 ex

274 2747 494 2831 aliqua
546 2746 870 2831 particula
925 2747 1082 2812 socii
1136 2747 1413 2832 praedae
1459 2768 1533 2813 ac
1578 2747 1953 2832 rapinarum
2000 2750 2287 2815 clamare

273 2838 649 2920 coeperunt,
712 2834 839 2899 sibi
901 2838 978 2900 ut
1038 2834 1311 2901 haberet
1369 2834 1812 2902 hereditatem.
1910 2836 2159 2904 Tantus
2212 2837 2291 2902 in
2316 2858 2373 2898 ao

165 2895 255 3020 Ξὲ)
273 2924 454 2989 curia
488 2924 735 2989 clamor
778 2922 991 2988 factus
1039 2927 1165 3006 est,
1209 2927 1286 2988 ut
1328 2924 1610 3008 populus
1655 2930 2082 2992 concurreret.
2152 2926 2289 2991 Res

272 3013 354 3077 ab
412 3011 590 3077 omni
645 3015 966 3076 conventu
1010 3011 1275 3096 cognita
1318 3011 1614 3077 celeriter
1659 3012 1774 3077 isti
1819 3013 2080 3079 domum
2125 3036 2291 3079 nun-

272 3100 496 3165 tiatur.
594 3098 809 3164 Homo
872 3098 1170 3164 inimicus
1235 3099 1347 3183 iis,
1419 3099 1531 3183 qui
1591 3100 2001 3187 recitassent,
2071 3102 2290 3168 hostis

273 3188 601 3272 omnibus,
657 3187 769 3271 qui
824 3187 1320 3270 acclamassent,
1374 3188 1617 3255 exarsit
1660 3188 1991 3255 iracundia
2035 3213 2111 3256 ac
2156 3195 2292 3255 sto-

270 3274 532 3357 macho3
581 3297 807 3340 verum
851 3278 1075 3340 tamen
1117 3274 1246 3339 fuit
1290 3278 1432 3342 tum
1481 3277 1583 3341 sui
1629 3277 1980 3344 dissimilis.
2051 3277 2290 3344 Nostis
2320 3297 2379 3337 ³⁵

274 3382 347 3425 os
400 3361 683 3426 hominis
693 3412 712 3446 ,
763 3364 974 3428 nostis
1031 3363 1394 3447 audaciam3
1448 3367 1670 3430 tamen
1723 3369 1865 3432 tum
1914 3388 2174 3432 rumore
2221 3371 2294 3432 et

275 3446 560 3511 clamore
621 3450 848 3532 populi
902 3455 968 3514 et
1021 3450 1369 3516 manifesto
1423 3451 1601 3518 furto
1659 3454 1923 3539 grandis
1977 3455 2295 3540 pecuniae
