2566 4016
769 224 905 279 ΜΒ.
942 225 1021 279 111
1086 225 1237 280 GAP.
1274 233 1413 282 4—e
1451 233 1481 292 s
1518 233 1709 283 8—14.
2117 228 2250 294 275

354 369 702 436 Neminem
744 372 1035 435 vestrum
1085 371 1418 454 praeterit,
1462 371 1722 455 iudiceS,
1770 394 2026 438 omnem
2073 375 2245 439 utili-

221 462 431 525 tatem
486 458 1126 543 oportunitatemque
1180 458 1549 543 provinciae
1601 457 1883 544 Siciliae,
1941 484 2103 544 quae
2160 463 2243 527 ad

222 547 564 614 commoda
617 545 847 631 populi
900 545 1183 611 Romani
1237 546 1540 611 adiuncta
1594 548 1707 629 sit,
1764 548 2118 613 consistere
2153 550 2241 614 ‚in

221 659 292 701 re
327 634 759 700 frumentaria
793 634 1098 717 maxim03
1144 656 1298 698 nam
1342 635 1572 699 ceteris
1619 636 1811 700 rebus
1859 637 2240 703 adiuvamur

169 739 196 780 ⁵
228 747 306 789 ex
342 724 462 788 illa
497 721 849 807 provincia,
895 721 1019 787 hac
1054 742 1208 787 vero
1256 723 1494 787 alimur
1538 745 1613 787 ac
1660 725 2070 789 sustinemur.
2141 725 2242 791 Ea
2282 739 2347 787 12

223 832 421 882 causa
466 809 826 894 tripertita,
880 809 1147 893 iudiceS,
1194 809 1319 874 erit
1363 811 1434 875 in
1478 811 1911 894 accusatione,
1956 813 2241 896 primum

226 900 449 981 [enim]
509 898 585 962 de
642 897 1019 981 decumam,
1085 897 1310 962 deinde
1367 898 1443 962 de
1500 903 1717 983 empto
1775 899 2057 965 dicemus
2112 901 2241 966 fru—

226 991 474 1068 mento,
519 989 851 1070 postremo
901 985 977 1049 de
1024 985 1389 1050 aestimato.

354 1075 538 1140 Inter
593 1072 881 1139 Siciliam
949 1077 1322 1157 ceterasque
1385 1074 1777 1158 provincias,
1840 1075 2108 1160 iudices,
2170 1078 2239 1142 in
2278 1074 2319 1137 6

146 1178 198 1218 ¹⁰
225 1186 533 1251 agrorum
566 1161 986 1247 vectigalium
1023 1161 1275 1226 ratione
1312 1161 1436 1226 hoc
1472 1162 1762 1245 interest,
1801 1164 1972 1246 quod
2009 1165 2238 1229 ceteris

227 1257 341 1317 aut
369 1250 745 1337 impositum
776 1250 1059 1334 vectigal
1099 1253 1198 1314 est
1235 1253 1501 1333 certum,
1540 1250 1710 1333 quod
1746 1251 2238 1335 stipendiarium

227 1340 480 1423 dicitur,
526 1342 598 1402 ut
633 1337 946 1421 Hispanis
1000 1340 1065 1401 et
1110 1337 1436 1421 plerisque
1473 1337 1835 1403 Poenorum
1884 1341 2071 1423 quasi
2114 1340 2239 1405 vic-

224 1427 435 1493 toriae
479 1426 839 1511 praemium
885 1447 959 1490 ac
1005 1446 1213 1509 poena
1257 1426 1442 1508 belli,
1500 1429 1615 1491 aut
1660 1427 1953 1491 censoria
1996 1428 2237 1492 locatio

228 1516 588 1582 constituta
623 1518 741 1597 est,
786 1517 861 1578 ut
887 1513 1086 1578 Asiae
1123 1514 1269 1600 lege
1317 1511 1715 1598 Sempronia.
1787 1512 2045 1580 Siciliae
2092 1516 2239 1580 civi—

145 1619 198 1660 15
224 1608 397 1669 tates
444 1604 536 1668 sic
580 1603 652 1667 in
696 1601 1048 1666 amicitiam
1075 1602 1415 1685 ‚fidemque
1462 1603 1823 1685 accepimus
1833 1653 1852 1687 ,
1896 1608 1970 1667 ut
2016 1604 2240 1669 eodem

223 1693 362 1757 iure
427 1694 670 1774 essent,
735 1711 861 1774 quo
925 1688 1229 1777 fuissent,
1296 1690 1518 1755 eadem
1573 1690 1942 1755 condicione
1996 1691 2239 1776 populo

223 1779 521 1845 Romano
594 1781 925 1862 parerent,
1001 1800 1128 1861 qua
1195 1777 1328 1843 suis
1394 1781 1545 1841 ante
1607 1778 1995 1861 paruissent.
2092 1777 2239 1842 Per·
2279 1789 2346 1837 13

225 1888 468 1951 paucae
509 1864 765 1930 Siciliae
819 1865 1117 1930 civitates
1166 1869 1317 1930 sunt
1363 1864 1691 1948 superiore
1737 1865 1911 1929 bello
1960 1887 1998 1929 a
2043 1865 2240 1930 maio-

225 1954 407 2020 ribus
471 1954 712 2020 nostris
770 1954 1105 2036 subactae3
1170 1974 1444 2037 quarum
1500 1972 1657 2037 ager
1711 1973 1854 2016 cum
1912 1955 2083 2016 esset
2128 1976 2240 2037 pu-

143 2058 200 2100 20
226 2044 435 2109 blicus
474 2043 698 2127 populi
734 2042 1013 2107 Romani
1056 2040 1289 2124 factus,
1334 2044 1555 2105 tamen
1599 2039 1731 2103 illis
1780 2043 1879 2103 est
1924 2040 2240 2125 redditus;

226 2132 283 2197 is
323 2153 479 2218 ager
518 2154 557 2196 a
594 2130 967 2196 censoribus
1005 2128 1207 2195 locari
1243 2128 1431 2193 solet.
1502 2126 1895 2192 Foederatae
1942 2127 2239 2193 civitates

225 2225 378 2284 sunt
424 2220 614 2302 duae,
670 2240 942 2302 quarum
990 2218 1294 2282 decumae
1338 2215 1555 2280 venire
1600 2237 1732 2280 non
1780 2216 2057 2299 soleant,
2107 2215 2240 2280 Ma—

226 2307 506 2372 mertina
579 2309 645 2370 et
708 2306 1281 2389 Tauromenitana,
1357 2304 1638 2388 quinque
1701 2308 2038 2388 praeterea
2103 2304 2240 2368 sine

225 2394 483 2460 foedere
518 2403 521 2406 ’
554 2393 873 2459 immunes
956 2394 1250 2459 civitates
1319 2415 1393 2459 ac
1456 2392 1725 2474 liberae,
1800 2381 2240 2477 Centuripina,

142 2497 200 2541 2⁵
226 2481 600 2567 Halaesina,
630 2480 1007 2568 Segestana,
1032 2480 1463 2565 Halicyensis,
1490 2479 2028 2564 Panhormitana3
2059 2503 2242 2565 prae-

225 2575 405 2636 terea
470 2571 679 2637 omnis
746 2591 903 2656 ager
959 2567 1217 2634 Siciliae
1280 2568 1621 2634 civitatum
1686 2567 2075 2633 decumanus
2142 2572 2242 2633 est

132 2725 149 2730 ,
224 2659 510 2743 itemque
556 2663 707 2723 ante
752 2658 1096 2744 imperium
1142 2656 1371 2741 populi
1406 2655 1686 2720 Romani
1729 2655 2023 2739 ipsorum
2069 2653 2240 2720 Sicu·

226 2746 440 2809 lorum
469 2746 806 2812 voluntate
845 2750 911 2810 et
947 2745 1270 2810 institutis
1308 2744 1449 2808 fuit.
1514 2743 1747 2808 Videte
1783 2765 1953 2808 nunc
1991 2743 2239 2826 sapien·
2280 2745 2348 2793 14

226 2832 392 2898 tiam
455 2831 799 2915 maiorum,
864 2834 974 2918 qui
1037 2855 1182 2899 cum
1248 2830 1590 2912 [Siciliam]
1656 2834 1793 2896 tam
1848 2834 2241 2915 oportunum

141 2939 199 2982 ao
229 2919 588 2986 subsidium
642 2919 803 2984 belli
857 2924 1050 3004 atque
1103 2920 1282 3004 pacis
1336 2919 1417 2984 ad
1464 2941 1600 2983 rem
1644 2917 1973 3001 publicam
2022 2918 2241 2982 adiun-

225 3009 501 3092 xissent,
538 3010 726 3072 tanta
762 3030 916 3073 cura
952 3006 1203 3074 Siculos
1241 3007 1412 3072 tueri
1450 3029 1525 3071 ac
1563 3006 1839 3070 retinere
1880 3006 2242 3088 voluerunt,

225 3101 301 3162 ut
365 3099 497 3163 non
560 3095 753 3160 modo
820 3117 1043 3161 eorum
1107 3096 1285 3181 agris
1345 3094 1628 3180 vectigal
1687 3115 1929 3158 novum
1987 3092 2241 3157 nullum

225 3185 663 3270 imponerent,
727 3183 840 3247 sed
892 3204 974 3247 ne
1029 3184 1241 3267 legem
1299 3183 1557 3266 quidem
1611 3181 1999 3247 venditionis
2060 3179 2264 3255 decu-‚

226 3295 479 3337 marum
533 3293 652 3338 nec
707 3270 1032 3336 vendundi
1079 3274 1193 3334 aut
1238 3274 1496 3355 tempus
1544 3274 1658 3334 aut
1702 3270 1917 3333 locum
1964 3290 2242 3334 commu-

142 3375 199 3418 ⁸5
226 3364 471 3444 tarent,
524 3364 600 3425 ut
655 3363 831 3426 certo
887 3362 1180 3442 tempore
1236 3359 1388 3422 anni
1397 3408 1415 3440 ,
1469 3361 1543 3422 ut
1596 3357 1836 3422 ibidem
1890 3357 1957 3420 in
2006 3353 2242 3441 Sicilia,
2298 3374 2301 3377 ’

228 3448 498 3533 denique
552 3450 629 3513 ut
674 3449 820 3534 lege
866 3445 1217 3511 Hieronica
1261 3446 1631 3511 venderent.
1720 3443 2085 3529 Voluerunt
2132 3466 2242 3510 eos

226 3534 295 3597 in
350 3536 481 3600 suis
537 3536 732 3602 rebus
787 3536 966 3621 ipsos
1021 3536 1362 3620 interesse,
1419 3555 1766 3619 eorumque
1817 3534 2067 3601 animos
2110 3556 2244 3599 non

1708 3637 1816 3692 18*
