2566 4016
680 225 813 279 LIB.
841 225 892 278 V
956 224 1111 280 CAP.
1141 230 1353 280 32—34
1389 231 1420 291 ἓ
1457 230 1681 282 84-89.
2065 227 2193 291 461

188 371 381 436 dedit.
479 366 679 434 Stetit
742 369 1032 434 soleatus
1094 373 1361 453 praetor
1420 368 1649 453 populi
1712 369 1990 472 Romani
2051 393 2197 437 cum

187 459 389 544 pallio
436 478 761 543 purpureo
813 457 1159 541 tunicaque
1214 455 1411 521 talari
1461 457 1843 522 muliercula
1894 458 2083 524 nixus
2128 461 2199 525 in

187 548 399 612 litore.
469 544 613 611 Iam
646 545 771 611 hoc
810 545 1012 609 istum
1058 545 1302 611 vestitu
1339 542 1539 610 Siculi
1585 544 1883 628 civesque
1920 544 2198 612 Romam

188 633 498 720 permulti
525 655 717 720 saepe
744 633 1056 698 viderant.
1117 632 1555 716 Posteaquam
1585 633 1854 717 paulum
1890 638 2199 717 provecta
2235 651 2300 698 87

135 740 164 783 s
189 723 414 788 classis
470 725 570 786 est
624 725 690 786 et
733 719 1110 805 Pachynum
1166 721 1393 805 quinto
1442 720 1542 785 die
1589 720 1863 805 denique
1910 722 2200 805 adpulsa,

187 814 425 876 nautae
509 809 717 875 coacti
794 809 967 874 fame
1047 809 1295 874 radices
1376 808 1743 892 palmarum
1824 809 2200 895 agrestium,

190 921 462 984 quarum
514 901 655 962 erat
698 897 767 962 in
812 898 947 962 illis
993 897 1180 981 locis,
1237 896 1429 962 sicuti
1474 896 1542 960 in
1588 917 1828 982 magna
1872 901 2060 981 parte
2106 896 2200 965 Si-

188 988 401 1070 ciliae,
455 986 835 1069 multitudo,
886 985 1287 1071 colligebant
1332 988 1400 1049 et
1442 984 1523 1049 iis
1571 985 1791 1049 miseri
1834 986 2198 1070 perditique

188 1075 558 1156 alebantur,
614 1072 989 1138 Cleomenes
1037 1076 1283 1154 autem,
1339 1072 1450 1156 qui
1496 1072 1776 1137 alterum
1821 1094 1890 1137 se
1927 1073 2200 1140 Verrem

99 1180 161 1223 ιο
189 1184 336 1227 eum
384 1160 635 1226 luxurie
681 1182 756 1225 ac
799 1160 1116 1244 nequitia,
1170 1163 1312 1224 tum
1358 1160 1557 1225 etiam
1601 1160 1874 1244 imperio
1920 1165 2201 1261 putaret,

191 1249 493 1315 similiter
546 1251 724 1312 totos
780 1247 916 1312 dies
969 1248 1040 1312 in
1090 1247 1283 1312 litore
1329 1247 1748 1312 tabernaculo
1793 1248 2011 1333 posito
2056 1271 2201 1334 per-

187 1337 480 1422 potabat.
534 1334 701 1401 Ecce
729 1339 949 1400 autem
976 1338 1240 1420 repente
1268 1335 1448 1400 ebrio
1476 1333 1839 1419 Cleomene,
1868 1338 2200 1402 esurienti·
2219 1344 2307 1407 34

188 1426 310 1490 bus
366 1424 598 1490 ceteris
650 1423 991 1489 nuntiatur
1043 1423 1408 1509 piratarum
1462 1445 1604 1488 esse
1656 1424 1842 1490 navis
1892 1424 1964 1489 in
2006 1430 2202 1510 portu

189 1512 539 1597 Odysseae3
592 1533 748 1577 nam
793 1511 890 1576 ita
929 1512 989 1576 is
1034 1512 1215 1577 locus
1260 1511 1660 1595 'nominatur3
1709 1517 1937 1581 nostra
1982 1518 2200 1580 autem
2240 1584 2246 1588 ,

100 1617 161 1660 1⁵
190 1601 418 1667 classis
453 1604 595 1665 erat
630 1600 701 1664 in
734 1603 931 1685 portu
966 1598 1272 1684 Pachyni.
1339 1598 1715 1667 Cleomenes
1755 1604 1991 1686 autem,
2029 1602 2202 1686 quod

189 1693 331 1755 erat
366 1692 673 1754 terrestre
709 1688 1103 1774 praesidium
1138 1710 1273 1752 non
1306 1709 1396 1771 re,
1443 1688 1555 1752 sed
1589 1688 1869 1771 nomine,
1913 1690 2203 1774 speravit

187 1777 270 1841 iis
322 1777 671 1860 militibus,
728 1798 890 1860 quos
942 1798 1019 1840 ex
1064 1797 1142 1841 eo
1189 1775 1333 1840 loco
1380 1774 1775 1857 deduxisset,
1829 1777 2084 1859 explere
2133 1798 2202 1841 se

187 1885 529 1929 numerum
585 1867 934 1928 nautarum
989 1866 1056 1928 et
1108 1863 1441 1962 remigum
1473 1882 1684 1946 posse.
1772 1862 2057 1946 Reperta
2101 1868 2202 1928 est

190 1951 415 2018 eadem
478 1950 669 2015 istius
733 1949 1020 2015 hominis
1079 1949 1447 2018 avarissimi
1499 1949 1669 2015 ratio
1722 1949 1792 2015 in
1845 1950 2200 2034 praesidiis,

95 2058 162 2100 ιο
191 2061 357 2143 quae
401 2039 472 2104 in
515 2038 862 2121 classibus3
912 2060 1066 2102 nam
1114 2041 1301 2102 erant
1344 2038 1651 2123 perpauci
1694 2038 1955 2122 reliqui,
2005 2041 2202 2108 ceteri

190 2127 459 2193 dimissi.
519 2126 829 2228 Princeps
858 2124 1282 2192 Cleomenes
1261 2147 1335 2190 ιιι
1362 2125 1755 2210 quadriremi
1782 2126 2202 2212 Centuripina
2238 2140 2304 2189 88

189 2218 438 2282 malum
474 2214 657 2301 erigi,
702 2215 850 2280 vela
893 2213 1053 2298 fieri,
1097 2213 1384 2298 praecidi
1428 2234 1698 2279 ancoras
1746 2214 2089 2299 imperavit
2137 2219 2201 2281 et

190 2304 413 2388 simul,
474 2306 550 2368 ut
604 2324 673 2367 se
728 2302 926 2368 ceteri
981 2304 1427 2386 sequerentur,
1487 2302 1746 2387 signum
1800 2303 1942 2368 dari
1994 2304 2202 2370 iussit.

189 2391 369 2457 Haec
397 2389 819 2475 Centuripina
844 2390 1030 2455 navis
1067 2394 1209 2455 erat
1242 2390 1607 2455 incredibili
1643 2391 1975 2456 celeritate
2012 2392 2202 2476 velis3

91 2497 161 2540 πο
188 2503 343 2546 nam
398 2480 560 2546 scire
610 2480 739 2544 isto
784 2482 1086 2563 praetore
1129 2499 1323 2544 nemo
1368 2482 1655 2562 poterat,
1711 2478 1863 2564 quid
1910 2502 2200 2565 quaeque

186 2569 374 2635 navis
446 2567 642 2633 remis
704 2565 916 2633 facere
978 2570 1230 2652 posset3
1303 2568 1428 2631 etsi
1489 2566 1559 2631 in
1619 2567 1743 2633 hac
1807 2568 2200 2651 quadriremi

188 2660 458 2741 propter
492 2656 807 2721 honorem
852 2659 919 2720 et
964 2655 1249 2741 gratiam
1287 2653 1652 2720 Cleomenis
1697 2656 1962 2721 minime
2008 2656 2200 2721 multi

186 2744 469 2894 {emigffi
507 2748 573 2842 et
608 2743 850 2808 milites
854 2744 1172 2895 digerant.
1242 2742 1563 2893 ΕνοΙαιῗί]
1595 2743 1806 2894 iamte
1853 2746 2201 2895 conspectu

217 2850 324 2893 ere
468 2849 650 2914 glens
725 2851 852 2913 qua
989 2851 1146 2895 em1s
1155 2879 1175 2913 ,
1248 2851 1394 2895 cum
1466 2852 1501 2893 e
1534 2851 1666 2894 iam
1769 2852 1880 2895 um
1950 2852 2020 2895 ce
2054 2852 2201 2896 erae

94 2935 160 2980 so
186 2937 389 2983 naves
426 2938 554 2981 uno
600 2917 668 2980 in
713 2917 858 2981 loco
904 2917 1359 2982 moliebantur.
1430 2915 1596 2981 Erat
1642 2917 1895 2983 animus
1939 2918 2010 2982 in
2054 2918 2199 2983 reli·
2238 2933 2304 2983 89

188 3005 366 3089 quis3
430 3025 823 3088 quamquam
887 3008 1072 3069 erant
1129 3004 1346 3088 pauci,
1409 3026 1668 3088 quoquo
1725 3007 1917 3071 modo
1971 3027 2075 3071 res
2132 3028 2200 3071 se

186 3092 501 3176 habebat,
546 3113 838 3178 pugnare
884 3095 1105 3158 tamen
1150 3113 1219 3156 se
1266 3092 1435 3156 velle
1482 3091 1854 3158 clamabant
1899 3098 1983 3178 et,
2029 3095 2201 3179 quod

184 3181 511 3265 reliquum
555 3181 731 3246 vitae
775 3179 1138 3263 viriumque
1181 3179 1388 3245 fames
1434 3179 1705 3264 fecerat,
1756 3181 1826 3246 id
1869 3181 2043 3248 ferro
2090 3205 2200 3266 po·

186 3270 516 3335 tissimum
579 3268 842 3333 reddere
905 3268 1232 3333 volebant.
1334 3266 1577 3343 Quodsi
1631 3267 2006 3335 Cleomenes
2068 3292 2201 3335 non

86 3375 157 3421 3⁵
186 3362 377 3423 tanto
408 3361 559 3423 ante
594 3356 892 3443 fugisset,
929 3356 1149 3441 aliqua
1183 3359 1406 3423 tamen
1444 3358 1526 3422 ad
1561 3358 1993 3424 resistendum
2030 3359 2199 3424 ratio

183 3445 437 3510 fuisset.
534 3444 700 3511 Erat
763 3444 933 3509 enim
991 3445 1134 3511 sola
1185 3445 1305 3511 illa
1357 3446 1542 3512 navis
1598 3450 1932 3515 constrata
1986 3451 2052 3511 et
2105 3448 2201 3512 ita

187 3554 454 3617 magna,
506 3537 582 3599 ut
633 3533 1124 3619 propugnaculo
1170 3534 1401 3600 ceteris
1447 3538 1670 3618 posset
1717 3557 1883 3620 esse,
1931 3556 2094 3620 quae
2142 3537 2197 3601 si
