2566 4016
280 196 419 263 348⁴
886 195 967 250 IN
1006 195 1062 249 C.
1092 192 1402 248 VERREM
1438 191 1593 247 ACT.
1632 191 1701 247 IL

280 364 358 407 ex
402 341 607 406 ternis
655 340 935 406 denariis
980 339 1257 424 pendere
1303 338 1571 420 crimen,
1619 335 1732 400 sed
1777 356 1855 399 ex
1900 333 2299 400 coniectione

282 451 577 495 annonae
624 433 821 513 atque
867 426 1360 493 aestimationis,

413 516 676 584 Etenim
737 517 900 581 haec
962 514 1331 580 aestimatio
1393 517 1553 579 nata
1607 516 1708 578 est
1758 511 1976 595 initio,
2037 509 2301 593 iudices,

280 627 414 672 non
454 624 531 670 ex
577 609 953 690 praetorum
999 607 1114 668 aut
1158 602 1526 686 consulum,
1572 600 1685 666 sed
1731 622 1808 665 ex
1855 602 2187 664 aratorum
2234 602 2304 663 et

283 695 620 759 civitatum
676 692 1032 759 commodo.
1121 691 1333 756 Nemo
1379 691 1551 755 enim
1594 688 1723 753 fuit
1764 688 1955 752 initio
2001 692 2141 751 tam
2185 686 2302 751 im·
2332 702 2362 744 5

282 782 547 867 pudenS,
592 782 720 865 qui,
766 803 912 845 cum
956 780 1356 844 frumentum
1402 779 1761 861 deberetur,
1805 775 2144 861 pecuniam
2190 796 2305 859 po-

284 874 508 935 sceret.
598 868 788 934 Certe
841 869 967 933 hoc
1021 869 1103 933 ab
1159 871 1419 932 aratore
1463 866 1748 951 primum
1794 869 1895 929 est
1938 863 2303 948 profectum

283 963 396 1022 aut
460 958 543 1022 ab
609 979 687 1022 ea
750 957 1041 1040 civitate,
1103 955 1206 1021 cui
1267 955 1740 1039 imperabatur3
1802 974 1950 1018 cum
2006 956 2120 1016 aut
2170 950 2303 1014 fru-

281 1050 573 1111 mentum
635 1044 1031 1111 vendidisset
1095 1048 1210 1108 aut
1274 1063 1532 1108 servare
1595 1042 1797 1106 vellet
1861 1045 1976 1105 aut
2031 1039 2101 1103 in
2155 1061 2301 1104 eum

282 1135 525 1219 locum,
598 1156 725 1218 quo
788 1132 1259 1218 imperabatur,
1331 1135 1595 1216 portare
1641 1130 1875 1213 nollet,
1937 1127 2173 1212 petivit
2232 1127 2303 1190 in
2335 1145 2394 1186 10

282 1222 578 1288 beneficii
613 1222 757 1288 loco
795 1225 862 1286 et
909 1221 1179 1308 gratiae,
1224 1223 1300 1284 ut
1347 1219 1474 1284 sibi
1517 1240 1637 1303 pro
1682 1217 2029 1299 frumento,
2076 1215 2304 1300 quanti

282 1311 685 1389 frumentum
721 1314 911 1393 esset,
958 1311 1110 1374 dare
1147 1308 1390 1373 liceret.
1461 1306 1564 1371 Ex
1596 1306 1862 1371 huiusce
1909 1304 2084 1369 modi
2128 1303 2303 1388 prin-

285 1398 453 1482 cipio
509 1402 704 1481 atque
760 1419 835 1462 ex
890 1397 1289 1461 liberalitate
1344 1399 1411 1459 et
1467 1393 2057 1460 accommodatione
2102 1391 2305 1476 magi-

181 1496 282 1548 190
321 1488 646 1550 stratuum
674 1484 1068 1550 consuetudo
1099 1483 1576 1548 aestimationis
1604 1481 1976 1546 introducta
2017 1484 2133 1545 est.
2198 1476 2305 1544 Se·

283 1571 417 1638 cuti
454 1576 606 1637 sunt
643 1572 971 1636 avariores
1009 1571 1457 1656 magistratus,
1504 1570 1615 1654 qui
1649 1574 1871 1635 tamen
1911 1569 1982 1633 in
2027 1567 2306 1634 avaritia
2334 1574 2392 1626 1⁵

287 1683 404 1725 sua
432 1682 566 1726 non
602 1660 814 1726 solum
850 1658 1026 1724 viam
1064 1663 1370 1743 quaestus
1407 1659 1811 1741 invenerunt,
1847 1678 2072 1722 verum
2109 1655 2305 1721 etiam

286 1748 532 1814 exitum
584 1770 660 1814 ac
716 1747 1038 1813 rationem
1085 1746 1493 1812 defensionis.
1574 1745 2008 1811 Instituerunt
2054 1765 2305 1829 semper

276 1838 355 1902 ,in
380 1838 617 1903 ultima
644 1859 719 1902 ac
757 1836 1144 1902 difficillima
1181 1836 1263 1900 ad
1299 1834 1691 1920 portandum
1728 1835 1874 1899 loca
1907 1833 2301 1898 frumentum

285 1926 634 2012 imperare,
697 1929 773 1990 ut
835 1928 1135 2012 vecturae
1199 1918 1611 2006 difficultate,
1674 1922 1757 1986 ad
1811 1943 2005 2006 quam
2059 1921 2304 1987 vellent

289 2015 847 2097 aestumationem,
883 2014 1311 2098 pervenirent.
1373 2012 1454 2077 In
1483 2011 1608 2076 hoc
1645 2032 1878 2097 genere
1913 2010 2166 2076 facilior
2201 2014 2305 2073 est
2333 2024 2396 2065 20

288 2103 684 2168 existimatio
750 2124 944 2186 quam
1007 2100 1451 2185 reprehensio,
1512 2099 1656 2163 ideo
1724 2098 1895 2183 quod
1958 2119 2127 2180 eum,
2191 2097 2305 2180 qui

285 2190 413 2255 hoc
446 2190 624 2274 facit,
670 2211 938 2255 avarum
982 2210 1329 2272 possumus
1375 2188 1783 2271 existumare,
1828 2187 2070 2252 crimen
2110 2185 2180 2248 in
2226 2205 2305 2249 eo

289 2278 682 2343 constituere
745 2297 878 2341 non
939 2279 1079 2340 tam
1142 2275 1334 2340 facile
1390 2296 1762 2359 possumne,
1825 2275 1998 2358 quod
2051 2273 2309 2338 videtur

289 2364 760 2430 concedendum
815 2362 1315 2447 magistratibus
1368 2364 1615 2428 nostris
1673 2384 1837 2447 esse,
1891 2366 1968 2426 ut
2014 2362 2125 2445 iis,
2180 2382 2306 2444 quo

286 2452 431 2515 loco
496 2450 728 2533 velint,
790 2449 1187 2514 frumentum
1243 2449 1534 2534 accipere
1587 2451 1799 2517 liceat.
1896 2448 2129 2533 Itaque
2182 2449 2308 2513 hoc
2334 2463 2394 2506 ²⁶

287 2541 406 2621 est,
452 2537 624 2620 quod
660 2537 853 2602 multi
886 2538 1170 2603 fortasse
1213 2538 1524 2622 fecerunt,
1571 2538 1684 2604 sed
1727 2539 1823 2603 ita
1867 2538 2077 2621 multi,
2120 2540 2194 2601 ut
2236 2536 2305 2619 ii,

285 2648 451 2779 fquos
504 2626 1070 2692 innocentissimos
1116 2626 1525 2691 meminimus
1574 2630 1687 2691 aut
1733 2625 2122 2709 audivimus,
2173 2643 2307 2689 non

316 2714 577 2780 ecerint.
1413 2741 1414 2744 ¹

184 2771 1680 2957 {³³²11sffisuffiaaussffkffusszfizsseuiu
1708 2800 2302 2973 aarum}
2331 2902 2389 2943 ω

291 2980 541 3065 gnitate
597 2978 856 3043 adducti
904 3000 1019 3062 per
1063 2977 1444 3043 beneficium
1491 2982 1558 3043 et
1604 2941 1883 3065 gratiam
1912 2940 2304 3043 'civitatibus

289 3070 770 3150 concesserunt,
821 3069 898 3129 ut
951 3087 1251 3130 nummos
1307 3086 1428 3149 pro
1481 3065 1809 3132 frumento
1866 3066 2114 3130 darent.
2204 3064 2311 3130 Ita

289 3155 477 3219 credo
542 3154 785 3238 petisse
848 3154 930 3217 ab
993 3153 1125 3218 isto
1191 3156 1511 3237 aratores,
1574 3159 1675 3238 ut,
1738 3175 1884 3219 cum
1938 3150 2053 3217 HS
2106 3152 2310 3217 ternis

287 3242 494 3306 tritici
565 3240 852 3305 modium
924 3240 1200 3328 vendere
1270 3262 1403 3305 non
1472 3246 1767 3325 possent,
1838 3260 1959 3323 pro
2034 3239 2312 3326 singulis

287 3328 521 3390 modiis
570 3327 868 3392 denarios
914 3331 1135 3392 ternos
1183 3329 1336 3392 dare
1381 3327 1622 3394 liceret.
1694 3328 1799 3393 An
1844 3332 1945 3410 tu,
2004 3328 2314 3412 quoniam
2342 3342 2396 3384 8⁵

287 3409 411 3472 hoc
463 3433 596 3477 non
642 3414 838 3478 audes
886 3414 1124 3497 dicere,
1166 3416 1331 3479 -illuc
1375 3416 1710 3501 confugies
1720 3465 1738 3499 ,
1792 3417 2097 3502 vecturae
2144 3415 2314 3480 diffi-

288 3493 531 3557 cultate
569 3497 881 3564 adductos
921 3502 1219 3567 denarios
1257 3505 1478 3565 ternos
1518 3502 1670 3567 dare
1707 3501 2063 3570 maluisse?
2111 3501 2318 3569 Cuius
