2566 4016
773 229 907 283 ΜΒ.
947 229 1000 285 11
1073 227 1225 285 GAP.
1266 202 1477 284 23-225
1514 236 1545 296 s
1584 236 1805 285 56—61.
2160 232 2285 296 221

272 375 439 440 nihil
493 373 625 438 isto
676 372 1085 457 imprudente
1127 373 1404 457 factum,
1459 373 1630 457 quod
1666 372 2005 439 Volcatius
2054 375 2114 440 ei
2156 398 2291 441 non

273 461 668 544 succensuit,
733 462 907 544 quod
967 461 1092 525 iste
1155 483 1364 545 neque
1418 460 1487 525 in
1531 459 1905 527 Volcatium
1959 484 2166 546 neque
2220 464 2290 528 in

272 551 544 616 Bidinos
623 548 1123 614 animadvertit?
1231 548 1356 613 Est
1429 569 1739 633 magnum
1813 555 2285 636 argumentum,
2325 568 2412 616 59.

274 660 501 705 verum
537 637 703 701 illud
741 637 1112 718 maximum,
1158 636 1332 720 quod
1368 637 1501 701 illis
1538 636 1699 721 ipsis
1737 637 2005 720 Bidinis,
2053 639 2286 722 quibus

220 746 247 786 s
273 728 402 792 iste
445 726 653 790 iratus
701 746 840 789 esse
888 724 1136 807 debuit,
1183 745 1222 789 a
1269 724 1500 808 quibus
1548 726 1885 810 comperit,
1932 725 2105 809 quod
2148 726 2286 791 iure

276 836 470 900 agere
532 834 678 878 cum
736 811 1043 896 Epicrate
1105 812 1270 876 nihil
1335 816 1629 896 possent,
1692 813 1950 878 etiamsi
2014 814 2286 897 adesset,

274 903 512 967 idcirco
569 923 756 966 suum
812 900 1137 966 decretum
1187 901 1461 984 pecunia
1507 922 1646 965 esse
1691 904 2109 985 temptatum:
2163 901 2288 985 his,

275 991 561 1074 inquam,
608 989 768 1073 ipsis
804 1010 936 1053 non
973 988 1164 1054 modo
1202 988 1389 1052 illam
1434 988 1880 1071 hereditatem,
1927 1011 2091 1072 quae
2135 989 2286 1074 Epi-

276 1079 441 1144 crati
492 1079 787 1159 venerat,
843 1075 979 1157 sed,
1033 1078 1108 1141 ut
1161 1075 1231 1139 in
1281 1074 1586 1142 Heraclio
1643 1074 2072 1161 Syracusano,
2127 1078 2284 1142 item

197 1184 249 1223 ιο
275 1167 347 1230 in
396 1166 547 1249 hoc,
600 1164 798 1265 paulo
854 1163 1050 1228 etiam
1104 1163 1415 1248 atrocius,
1468 1164 1639 1248 quod
1684 1164 2023 1248 Epicrates
2071 1165 2287 1249 appel-

278 1255 452 1317 latus
500 1253 761 1317 omnino
807 1272 941 1316 non
985 1253 1152 1335 erat,
1202 1251 1375 1316 bona
1404 1252 1635 1352 ‘patria
1678 1250 2102 1336 fortunasque
2150 1252 2285 1316 eius

278 1340 527 1404 Bidinis
582 1339 867 1405 tradidit
963 1338 1262 1404 Ostendit
1318 1339 1490 1403 enim
1543 1360 1713 1404 novo
1764 1339 1983 1422 mod0,
2040 1339 2096 1404 si
2143 1341 2284 1424 quis

254 1428 433 1512 quid
488 1427 563 1491 de
620 1428 885 1492 absente
938 1429 1217 1510 peteret,
1272 1448 1340 1491 se
1398 1426 1784 1492 auditurum.
1875 1390 2136 1492 Adeunt
2182 1427 2286 1491 Bi-

278 1517 436 1599 dini,
495 1518 726 1600 petunt
778 1514 1232 1598 hereditatem3
1288 1518 1739 1598 procuratores
1793 1517 2157 1600 postulant,
2211 1520 2285 1580 ut

198 1620 248 1661 1⁵
279 1626 346 1669 se
401 1603 481 1668 ad
536 1604 715 1688 leges
772 1623 922 1666 suas
977 1602 1205 1667 reiciat
1259 1605 1375 1668 aut
1428 1623 1505 1667 ex
1559 1603 1706 1689 lege
1759 1602 2022 1687 Rupilia
2076 1603 2285 1668 dicam

278 1692 472 1757 scribi
508 1691 747 1756 iubeat.
819 1689 1196 1755 Adversarii
1228 1711 1364 1755 non
1403 1690 1727 1757 audebant
1772 1696 2001 1756 contra
2046 1691 2285 1773 dicere,

278 1780 486 1843 exitus
522 1779 742 1844 nullus
778 1777 1238 1861 reperiebatur.
1319 1777 1710 1843 Insimulant
1745 1779 2072 1843 hominem
2113 1778 2285 1842 frau-

280 1865 473 1931 dandi
518 1887 712 1931 causa
757 1866 1153 1949 discessisse,
1208 1865 1573 1949 postulant,
1618 1868 1693 1930 ut
1737 1867 1910 1931 bona
1953 1865 2283 1966 possid-ere

277 1954 515 2020 iubeat.
586 1953 885 2020 Debebat
917 1952 1258 2039 Epicrates
1299 1974 1637 2019 nummum
1674 1953 1976 2035 [nullum]
2013 1953 2282 2037 nemini3
2321 1969 2388 2018 60

195 2060 250 2101 20
277 2043 495 2128 amici,
546 2043 602 2107 si
648 2043 790 2127 quis
839 2042 994 2126 quid
1036 2044 1315 2127 peteret,
1359 2041 1596 2106 iudicio
1642 2062 1710 2105 se
1753 2061 2081 2125 passuroS,
2124 2041 2284 2105 iudi-

275 2135 492 2198 catum
538 2131 707 2197 solvi
751 2131 913 2195 satis
959 2131 1223 2195 daturos
1271 2149 1412 2194 esse
1460 2128 1773 2194 dicebant.
1855 2126 2021 2194 Cum
2065 2129 2282 2194 omnia
2303 2138 2388 2202 25

276 2218 547 2285 consilia
571 2219 907 2304 frigerent,
944 2218 1277 2283 admonitu
1306 2218 1497 2281 istius
1524 2217 1901 2282 insimulare
1933 2220 2283 2302 coeperunt

275 2306 649 2391 Epicratem
702 2306 959 2371 litteras
1014 2306 1308 2391 publicas
1363 2306 1751 2390 corrupisse,
1807 2328 1847 2370 a
1902 2326 2030 2389 qua
2081 2306 2283 2389 suspi-

277 2395 459 2460 cione
513 2394 626 2458 ille
672 2394 897 2460 aberat
940 2395 1319 2477 plurimum3
1376 2394 1695 2459 actionem
1742 2394 1878 2459 eius
1924 2393 2019 2458 rei
2063 2399 2283 2478 postu-

194 2498 249 2539 25
277 2483 433 2547 lant.
524 2481 737 2548 Amici
792 2503 1114 2565 recusare,
1166 2503 1247 2546 ne
1304 2481 1474 2564 quod
1523 2482 1827 2547 iudicium
1872 2503 2033 2547 neve
2077 2482 2283 2566 ipsius

275 2571 560 2656 cognitio
615 2572 733 2637 illo
790 2569 1057 2634 absente
1108 2569 1185 2634 de
1231 2568 1368 2633 eius
1416 2569 1891 2634 existimatione
1938 2571 2282 2634 constitue-

274 2664 481 2741 retur,
534 2663 601 2722 et
645 2658 839 2722 simul
884 2657 1048 2722 illud
1092 2657 1261 2721 idem
1308 2657 1642 2741 postulare
1686 2678 1818 2722 non
1863 2657 2281 2738 desistebant,

276 2748 351 2806 ut
378 2763 448 2805 se
484 2744 565 2806 ad
600 2743 778 2828 leges
818 2766 966 2809 suas
1003 2745 1290 2809 reiceret
1355 2744 1489 2809 Iste
1527 2745 1811 2826 amplam
1853 2743 2279 2824 [occasionem
2319 2768 2382 2814 61

276 2829 661 2909 calumniae]
704 2836 950 2915 nactus,
995 2833 1108 2896 ubi
1152 2831 1330 2897 videt
1377 2851 1516 2897 esse
1564 2831 1827 2915 aliquid,
1873 2830 2046 2914 quod
2092 2831 2281 2895 amici

193 2935 249 2977 so
277 2918 546 3019 absente
587 2915 889 3018 Epicrate
933 2920 1186 2984 nollent
1232 2917 1597 3002 defendere,
1645 2918 1982 2983 adseverat
2029 2938 2096 2982 se
2144 2918 2280 2982 eius

275 3006 371 3071 rei
433 3005 503 3069 in
564 3004 792 3089 primis
853 3007 1175 3071 actionem
1229 3006 1547 3071 daturum.
1648 3004 1812 3071 Cum
1865 3025 2089 3069 omnes
2143 3026 2281 3089 per·

275 3094 597 3178 spicerent
643 3092 725 3157 ad
770 3093 969 3158 istum
1013 3115 1147 3158 non
1190 3094 1382 3159 modo
1428 3093 1581 3158 illos
1625 3113 1953 3175 nummOS‚
2007 3093 2121 3176 qui
2151 3113 2281 3175 per

275 3180 757 3246 simulationem
813 3181 894 3246 ab
940 3181 1068 3246 isto
1115 3182 1432 3265 exierant,
1485 3182 1857 3263 revertisse,
1913 3180 2025 3244 sed
2072 3179 2279 3245 multo

274 3270 471 3335 etiam
536 3271 756 3354 plures
814 3290 958 3334 eum
1013 3273 1267 3352 postea*
1296 3290 1595 3334 nummos
1651 3267 2027 3349 abstulisse,
2092 3268 2282 3333 amici

191 3373 246 3414 ⁸⁵
272 3356 646 3442 Epicratem
701 3357 1037 3423 defendere
1093 3355 1506 3438 destiterunt,
1560 3356 1687 3421 iste
1731 3355 2058 3441 Epicratis
2109 3356 2281 3422 bona

272 3443 541 3510 Bidinos
607 3446 826 3511 omnia
888 3442 1217 3530 possidere
1281 3447 1348 3508 et
1403 3442 1527 3507 sibi
1549 3507 1558 3514 ,
1582 3443 1821 3509 habere
1875 3444 2082 3509 iussit.
2177 3444 2281 3508 Ad

274 3530 393 3595 illa
457 3530 568 3597 HS
622 3535 679 3600 Β
754 3531 1146 3599 hereditaria
1219 3531 1489 3598 accessit
1559 3532 1765 3618 ipsius
1839 3532 2107 3617 antiqua
2170 3530 2280 3596 HS
