<?xml version="1.0" encoding="UTF-8"?>
<!DOCTYPE html PUBLIC "-//W3C//DTD XHTML 1.0 Transitional//EN"
    "http://www.w3.org/TR/xhtml1/DTD/xhtml1-transitional.dtd">
<html xmlns="http://www.w3.org/1999/xhtml" xml:lang="en" lang="en">
 <head>
  <title>
</title>
<meta http-equiv="Content-Type" content="text/html;charset=utf-8" />
  <meta name='ocr-system' content='tesseract 3.04.00' />
  <meta name='ocr-capabilities' content='ocr_page ocr_carea ocr_par ocr_line ocrx_word'/>
</head>
<body>
  <div class='ocr_page' id='page_1' title='image "./scriptaquaemans00klotgoog_0284.png"; bbox 0 0 2566 4016; ppageno 0'>
   <div class='ocr_carea' id='block_1_1' title="bbox 278 189 1689 266">
    <p class='ocr_par' dir='ltr' id='par_1_1' title="bbox 278 189 1689 266">
     <span class='ocr_line' id='line_1_1' title="bbox 278 189 1689 266; baseline -0.018 1"><span class='ocrx_word' id='word_1_1' title='bbox 278 201 404 266; x_wconf 84' lang='grc'><strong>166</strong></span> <span class='ocrx_word' id='word_1_2' title='bbox 865 195 943 248; x_wconf 89' lang='lat' dir='ltr'><strong>IN</strong></span> <span class='ocrx_word' id='word_1_3' title='bbox 982 194 1038 249; x_wconf 88' lang='lat' dir='ltr'><strong>C.</strong></span> <span class='ocrx_word' id='word_1_4' title='bbox 1076 191 1388 247; x_wconf 83' lang='lat' dir='ltr'><strong>VERREM</strong></span> <span class='ocrx_word' id='word_1_5' title='bbox 1424 190 1583 245; x_wconf 80' lang='lat' dir='ltr'>AOT.</span> <span class='ocrx_word' id='word_1_6' title='bbox 1623 189 1689 244; x_wconf 89' lang='lat' dir='ltr'><strong>IL</strong></span> 
     </span>
    </p>
   </div>
   <div class='ocr_carea' id='block_1_2' title="bbox 181 334 2436 3604">
    <p class='ocr_par' dir='ltr' id='par_1_2' title="bbox 273 334 2385 1310">
     <span class='ocr_line' id='line_1_2' title="bbox 277 334 2302 430; baseline -0.005 -20"><span class='ocrx_word' id='word_1_7' title='bbox 277 346 598 430; x_wconf 73' lang='lat' dir='ltr'><strong>queretur,</strong></span> <span class='ocrx_word' id='word_1_8' title='bbox 644 361 868 407; x_wconf 89' lang='lat' dir='ltr'><strong>omnes</strong></span> <span class='ocrx_word' id='word_1_9' title='bbox 916 340 1000 405; x_wconf 90' lang='lat' dir='ltr'><strong>ad</strong></span> <span class='ocrx_word' id='word_1_10' title='bbox 1045 359 1187 403; x_wconf 89' lang='lat' dir='ltr'><strong>eam</strong></span> <span class='ocrx_word' id='word_1_11' title='bbox 1236 336 1517 419; x_wconf 92' lang='lat' dir='ltr'><strong>domum,</strong></span> <span class='ocrx_word' id='word_1_12' title='bbox 1562 334 1632 399; x_wconf 90' lang='lat' dir='ltr'><strong>in</strong></span> <span class='ocrx_word' id='word_1_13' title='bbox 1677 354 1806 418; x_wconf 91' lang='lat' dir='ltr'><strong>qua</strong></span> <span class='ocrx_word' id='word_1_14' title='bbox 1839 334 1966 398; x_wconf 91' lang='lat' dir='ltr'><strong>iste</strong></span> <span class='ocrx_word' id='word_1_15' title='bbox 2005 334 2302 400; x_wconf 80' lang='lat' dir='ltr'><strong>deversa-</strong></span> 
     </span>
     <span class='ocr_line' id='line_1_3' title="bbox 275 422 2304 516; baseline -0.005 -19"><span class='ocrx_word' id='word_1_16' title='bbox 275 435 489 516; x_wconf 83' lang='lat' dir='ltr'><strong>batur,</strong></span> <span class='ocrx_word' id='word_1_17' title='bbox 516 430 795 516; x_wconf 88' lang='lat' dir='ltr'><strong>profecti</strong></span> <span class='ocrx_word' id='word_1_18' title='bbox 824 432 1001 511; x_wconf 81' lang='lat' dir='ltr'><strong>sunt3</strong></span> <span class='ocrx_word' id='word_1_19' title='bbox 1032 426 1296 493; x_wconf 78' lang='lat' dir='ltr'><strong>caedere</strong></span> <span class='ocrx_word' id='word_1_20' title='bbox 1324 425 1587 489; x_wconf 88' lang='lat' dir='ltr'><strong>ianuam</strong></span> <span class='ocrx_word' id='word_1_21' title='bbox 1615 422 1807 506; x_wconf 84' lang='lat' dir='ltr'><strong>saxis,</strong></span> <span class='ocrx_word' id='word_1_22' title='bbox 1834 422 2080 487; x_wconf 91' lang='lat' dir='ltr'><strong>instare</strong></span> <span class='ocrx_word' id='word_1_23' title='bbox 2106 422 2304 504; x_wconf 89' lang='lat' dir='ltr'><strong>ferro,</strong></span> 
     </span>
     <span class='ocr_line' id='line_1_4' title="bbox 275 511 2303 607; baseline -0.005 -22"><span class='ocrx_word' id='word_1_24' title='bbox 275 522 460 607; x_wconf 85' lang='lat' dir='ltr'><strong>ligna</strong></span> <span class='ocrx_word' id='word_1_25' title='bbox 548 523 616 583; x_wconf 88' lang='lat' dir='ltr'><strong>et</strong></span> <span class='ocrx_word' id='word_1_26' title='bbox 696 520 1025 583; x_wconf 87' lang='lat' dir='ltr'><strong>sarmenta</strong></span> <span class='ocrx_word' id='word_1_27' title='bbox 1105 512 1502 580; x_wconf 88' lang='lat' dir='ltr'><strong>circumdare</strong></span> <span class='ocrx_word' id='word_1_28' title='bbox 1581 512 1928 598; x_wconf 85' lang='lat' dir='ltr'><strong>ignemque</strong></span> <span class='ocrx_word' id='word_1_29' title='bbox 2011 511 2303 576; x_wconf 89' lang='lat' dir='ltr'><strong>subicere</strong></span> 
     </span>
     <span class='ocr_line' id='line_1_5' title="bbox 273 595 2303 693; baseline -0.005 -18"><span class='ocrx_word' id='word_1_30' title='bbox 273 595 644 693; x_wconf 71' lang='lat' dir='ltr'><strong>coeperunt.</strong></span> <span class='ocrx_word' id='word_1_31' title='bbox 716 605 883 671; x_wconf 87' lang='lat' dir='ltr'><strong>Tum</strong></span> <span class='ocrx_word' id='word_1_32' title='bbox 928 605 1099 670; x_wconf 89' lang='lat' dir='ltr'><strong>cives</strong></span> <span class='ocrx_word' id='word_1_33' title='bbox 1137 601 1435 684; x_wconf 90' lang='lat' dir='ltr'><strong>Romani,</strong></span> <span class='ocrx_word' id='word_1_34' title='bbox 1482 600 1592 684; x_wconf 85' lang='lat' dir='ltr'><strong>qui</strong></span> <span class='ocrx_word' id='word_1_35' title='bbox 1627 598 1972 684; x_wconf 81' lang='lat' dir='ltr'><strong>Lampsaci</strong></span> <span class='ocrx_word' id='word_1_36' title='bbox 2005 599 2303 685; x_wconf 87' lang='lat' dir='ltr'><strong>negotia-</strong></span> 
     </span>
     <span class='ocr_line' id='line_1_6' title="bbox 277 688 2357 779; baseline -0.006 -16"><span class='ocrx_word' id='word_1_37' title='bbox 277 698 544 779; x_wconf 88' lang='lat' dir='ltr'><strong>bantur,</strong></span> <span class='ocrx_word' id='word_1_38' title='bbox 608 696 1024 775; x_wconf 83' lang='lat' dir='ltr'><strong>concurrunt3</strong></span> <span class='ocrx_word' id='word_1_39' title='bbox 1087 694 1279 757; x_wconf 88' lang='lat' dir='ltr'><strong>orant</strong></span> <span class='ocrx_word' id='word_1_40' title='bbox 1331 689 1835 775; x_wconf 82' lang='lat' dir='ltr'><strong>LampsacenOS,</strong></span> <span class='ocrx_word' id='word_1_41' title='bbox 1899 691 1975 752; x_wconf 89' lang='lat' dir='ltr'><strong>ut</strong></span> <span class='ocrx_word' id='word_1_42' title='bbox 2038 688 2301 774; x_wconf 87' lang='lat' dir='ltr'><strong>gravius</strong></span> <span class='ocrx_word' id='word_1_43' title='bbox 2331 710 2357 750; x_wconf 79' lang='lat'><strong>5</strong></span> 
     </span>
     <span class='ocr_line' id='line_1_7' title="bbox 280 776 2305 871; baseline -0.005 -21"><span class='ocrx_word' id='word_1_44' title='bbox 280 786 453 871; x_wconf 91' lang='lat' dir='ltr'><strong>apud</strong></span> <span class='ocrx_word' id='word_1_45' title='bbox 488 805 599 849; x_wconf 91' lang='lat' dir='ltr'><strong>eos</strong></span> <span class='ocrx_word' id='word_1_46' title='bbox 637 804 875 864; x_wconf 89' lang='lat' dir='ltr'><strong>nomen</strong></span> <span class='ocrx_word' id='word_1_47' title='bbox 909 779 1258 866; x_wconf 74' lang='lat' dir='ltr'><strong>legationis</strong></span> <span class='ocrx_word' id='word_1_48' title='bbox 1298 799 1492 863; x_wconf 91' lang='lat' dir='ltr'><strong>quam</strong></span> <span class='ocrx_word' id='word_1_49' title='bbox 1529 777 1767 842; x_wconf 88' lang='lat' dir='ltr'><strong>iniuria</strong></span> <span class='ocrx_word' id='word_1_50' title='bbox 1802 776 2007 862; x_wconf 86' lang='lat' dir='ltr'><strong>legati</strong></span> <span class='ocrx_word' id='word_1_51' title='bbox 2042 780 2305 861; x_wconf 90' lang='lat' dir='ltr'><strong>putare-</strong></span> 
     </span>
     <span class='ocr_line' id='line_1_8' title="bbox 279 865 2305 956; baseline -0.004 -19"><span class='ocrx_word' id='word_1_52' title='bbox 279 878 417 955; x_wconf 74' lang='lat' dir='ltr'><strong>tur-3</strong></span> <span class='ocrx_word' id='word_1_53' title='bbox 463 892 603 936; x_wconf 90' lang='lat' dir='ltr'><strong>sese</strong></span> <span class='ocrx_word' id='word_1_54' title='bbox 647 871 1029 956; x_wconf 77' lang='lat' dir='ltr'><strong>intellegere</strong></span> <span class='ocrx_word' id='word_1_55' title='bbox 1074 867 1406 933; x_wconf 90' lang='lat' dir='ltr'><strong>hominem</strong></span> <span class='ocrx_word' id='word_1_56' title='bbox 1450 867 1639 931; x_wconf 92' lang='lat' dir='ltr'><strong>illum</strong></span> <span class='ocrx_word' id='word_1_57' title='bbox 1687 886 1827 930; x_wconf 90' lang='lat' dir='ltr'><strong>esse</strong></span> <span class='ocrx_word' id='word_1_58' title='bbox 1862 865 2192 949; x_wconf 89' lang='lat' dir='ltr'><strong>impurum</strong></span> <span class='ocrx_word' id='word_1_59' title='bbox 2229 885 2305 929; x_wconf 86' lang='lat' dir='ltr'><strong>ac</strong></span> 
     </span>
     <span class='ocr_line' id='line_1_9' title="bbox 279 953 2302 1042; baseline -0.004 -17"><span class='ocrx_word' id='word_1_60' title='bbox 279 960 629 1042; x_wconf 87' lang='lat' dir='ltr'><strong>nefarium,</strong></span> <span class='ocrx_word' id='word_1_61' title='bbox 684 958 796 1023; x_wconf 91' lang='lat' dir='ltr'><strong>sed</strong></span> <span class='ocrx_word' id='word_1_62' title='bbox 842 957 1148 1042; x_wconf 90' lang='lat' dir='ltr'><strong>quoniam</strong></span> <span class='ocrx_word' id='word_1_63' title='bbox 1192 976 1310 1021; x_wconf 89' lang='lat' dir='ltr'><strong>nec</strong></span> <span class='ocrx_word' id='word_1_64' title='bbox 1354 953 1759 1040; x_wconf 82' lang='lat' dir='ltr'><strong>perfecisset,</strong></span> <span class='ocrx_word' id='word_1_65' title='bbox 1814 953 1987 1037; x_wconf 95' lang='lat' dir='ltr'><strong>quod</strong></span> <span class='ocrx_word' id='word_1_66' title='bbox 2033 956 2302 1017; x_wconf 90' lang='lat' dir='ltr'><strong>conatus</strong></span> 
     </span>
     <span class='ocr_line' id='line_1_10' title="bbox 281 1041 2304 1132; baseline -0.005 -18"><span class='ocrx_word' id='word_1_67' title='bbox 281 1051 482 1132; x_wconf 88' lang='lat' dir='ltr'><strong>esset,</strong></span> <span class='ocrx_word' id='word_1_68' title='bbox 542 1068 751 1131; x_wconf 90' lang='lat' dir='ltr'><strong>neque</strong></span> <span class='ocrx_word' id='word_1_69' title='bbox 809 1046 1068 1111; x_wconf 86' lang='lat' dir='ltr'><strong>futurus</strong></span> <span class='ocrx_word' id='word_1_70' title='bbox 1134 1047 1306 1111; x_wconf 83' lang='lat' dir='ltr'><strong>esset</strong></span> <span class='ocrx_word' id='word_1_71' title='bbox 1368 1042 1714 1127; x_wconf 86' lang='lat' dir='ltr'><strong>Lampsaci</strong></span> <span class='ocrx_word' id='word_1_72' title='bbox 1776 1044 2033 1126; x_wconf 86' lang='lat' dir='ltr'><strong>postea,</strong></span> <span class='ocrx_word' id='word_1_73' title='bbox 2095 1041 2304 1105; x_wconf 87' lang='lat' dir='ltr'><strong>levius</strong></span> 
     </span>
     <span class='ocr_line' id='line_1_11' title="bbox 282 1129 2385 1222; baseline -0.005 -21"><span class='ocrx_word' id='word_1_74' title='bbox 282 1158 507 1203; x_wconf 90' lang='lat' dir='ltr'><strong>eorum</strong></span> <span class='ocrx_word' id='word_1_75' title='bbox 542 1138 879 1222; x_wconf 90' lang='lat' dir='ltr'><strong>peccatum</strong></span> <span class='ocrx_word' id='word_1_76' title='bbox 913 1134 1071 1218; x_wconf 87' lang='lat' dir='ltr'><strong>fore,</strong></span> <span class='ocrx_word' id='word_1_77' title='bbox 1114 1134 1171 1199; x_wconf 92' lang='lat' dir='ltr'><strong>si</strong></span> <span class='ocrx_word' id='word_1_78' title='bbox 1206 1132 1457 1198; x_wconf 91' lang='lat' dir='ltr'><strong>homini</strong></span> <span class='ocrx_word' id='word_1_79' title='bbox 1493 1132 1809 1197; x_wconf 88' lang='lat' dir='ltr'><strong>scelerato</strong></span> <span class='ocrx_word' id='word_1_80' title='bbox 1845 1129 2302 1217; x_wconf 84' lang='lat' dir='ltr'><strong>pepercissent,</strong></span> <span class='ocrx_word' id='word_1_81' title='bbox 2334 1151 2385 1191; x_wconf 87' lang='lat'><strong>10</strong></span> 
     </span>
     <span class='ocr_line' id='line_1_12' title="bbox 288 1222 1536 1310; baseline -0.006 -19"><span class='ocrx_word' id='word_1_82' title='bbox 288 1248 484 1309; x_wconf 89' lang='lat' dir='ltr'><strong>quam</strong></span> <span class='ocrx_word' id='word_1_83' title='bbox 533 1225 588 1289; x_wconf 91' lang='lat' dir='ltr'><strong>si</strong></span> <span class='ocrx_word' id='word_1_84' title='bbox 633 1225 854 1310; x_wconf 86' lang='lat' dir='ltr'><strong>legato</strong></span> <span class='ocrx_word' id='word_1_85' title='bbox 900 1245 1032 1289; x_wconf 91' lang='lat' dir='ltr'><strong>non</strong></span> <span class='ocrx_word' id='word_1_86' title='bbox 1076 1222 1536 1308; x_wconf 89' lang='lat' dir='ltr'><strong>pepercissent.</strong></span> 
     </span>
    </p>

    <p class='ocr_par' dir='ltr' id='par_1_3' title="bbox 181 1309 2436 2632">
     <span class='ocr_line' id='line_1_13' title="bbox 181 1309 2307 1393; baseline -0.002 -14"><span class='ocrx_word' id='word_1_87' title='bbox 181 1321 247 1371; x_wconf 81' lang='lat'><strong>&#39;10</strong></span> <span class='ocrx_word' id='word_1_88' title='bbox 391 1311 523 1379; x_wconf 85' lang='lat' dir='ltr'><strong>-Sic</strong></span> <span class='ocrx_word' id='word_1_89' title='bbox 582 1313 710 1378; x_wconf 90' lang='lat' dir='ltr'><strong>iste</strong></span> <span class='ocrx_word' id='word_1_90' title='bbox 773 1313 981 1378; x_wconf 91' lang='lat' dir='ltr'><strong>multo</strong></span> <span class='ocrx_word' id='word_1_91' title='bbox 1047 1310 1423 1377; x_wconf 86' lang='lat' dir='ltr'><strong>sceleratior</strong></span> <span class='ocrx_word' id='word_1_92' title='bbox 1485 1312 1553 1374; x_wconf 86' lang='lat' dir='ltr'><strong>et</strong></span> <span class='ocrx_word' id='word_1_93' title='bbox 1613 1309 1886 1393; x_wconf 85' lang='lat' dir='ltr'><strong>nequior</strong></span> <span class='ocrx_word' id='word_1_94' title='bbox 1942 1330 2153 1393; x_wconf 47' lang='lat' dir='ltr'><strong>quam¹</strong></span> <span class='ocrx_word' id='word_1_95' title='bbox 2192 1309 2307 1375; x_wconf 90' lang='lat' dir='ltr'><strong>ille</strong></span> 
     </span>
     <span class='ocr_line' id='line_1_14' title="bbox 282 1397 2306 1485; baseline -0.002 -20"><span class='ocrx_word' id='word_1_96' title='bbox 282 1400 653 1466; x_wconf 88' lang='lat' dir='ltr'><strong>Hadrianus</strong></span> <span class='ocrx_word' id='word_1_97' title='bbox 700 1401 1035 1485; x_wconf 90' lang='lat' dir='ltr'><strong>aliquanto</strong></span> <span class='ocrx_word' id='word_1_98' title='bbox 1077 1399 1278 1464; x_wconf 91' lang='lat' dir='ltr'><strong>etiam</strong></span> <span class='ocrx_word' id='word_1_99' title='bbox 1313 1397 1566 1463; x_wconf 85' lang='lat' dir='ltr'><strong>felicior</strong></span> <span class='ocrx_word' id='word_1_100' title='bbox 1601 1397 1755 1481; x_wconf 79' lang='lat' dir='ltr'><strong>fuit3</strong></span> <span class='ocrx_word' id='word_1_101' title='bbox 1792 1398 1921 1481; x_wconf 91' lang='lat' dir='ltr'><strong>ille,</strong></span> <span class='ocrx_word' id='word_1_102' title='bbox 1959 1397 2132 1481; x_wconf 92' lang='lat' dir='ltr'><strong>quod</strong></span> <span class='ocrx_word' id='word_1_103' title='bbox 2169 1398 2306 1462; x_wconf 88' lang='lat' dir='ltr'><strong>eius</strong></span> 
     </span>
     <span class='ocr_line' id='line_1_15' title="bbox 285 1481 2307 1570; baseline -0.001 -17"><span class='ocrx_word' id='word_1_104' title='bbox 285 1489 630 1554; x_wconf 62' lang='lat' dir='ltr'><strong>a‘varitiam</strong></span> <span class='ocrx_word' id='word_1_105' title='bbox 696 1489 867 1553; x_wconf 89' lang='lat' dir='ltr'><strong>cives</strong></span> <span class='ocrx_word' id='word_1_106' title='bbox 919 1487 1199 1552; x_wconf 86' lang='lat' dir='ltr'><strong>Romani</strong></span> <span class='ocrx_word' id='word_1_107' title='bbox 1255 1486 1427 1551; x_wconf 89' lang='lat' dir='ltr'><strong>ferre</strong></span> <span class='ocrx_word' id='word_1_108' title='bbox 1472 1507 1605 1550; x_wconf 91' lang='lat' dir='ltr'><strong>non</strong></span> <span class='ocrx_word' id='word_1_109' title='bbox 1648 1489 2028 1570; x_wconf 83' lang='lat' dir='ltr'><strong>potuerunt,</strong></span> <span class='ocrx_word' id='word_1_110' title='bbox 2076 1481 2307 1552; x_wconf 86' lang='lat' dir='ltr'><strong>Uticae</strong></span> 
     </span>
     <span class='ocr_line' id='line_1_16' title="bbox 283 1574 2385 1658; baseline -0.002 -17"><span class='ocrx_word' id='word_1_111' title='bbox 283 1577 460 1642; x_wconf 92' lang='lat' dir='ltr'><strong>domi</strong></span> <span class='ocrx_word' id='word_1_112' title='bbox 526 1598 679 1642; x_wconf 89' lang='lat' dir='ltr'><strong>suae</strong></span> <span class='ocrx_word' id='word_1_113' title='bbox 736 1576 923 1640; x_wconf 92' lang='lat' dir='ltr'><strong>vivus</strong></span> <span class='ocrx_word' id='word_1_114' title='bbox 989 1579 1251 1640; x_wconf 86' lang='lat' dir='ltr'><strong>exustus</strong></span> <span class='ocrx_word' id='word_1_115' title='bbox 1319 1578 1445 1658; x_wconf 87' lang='lat' dir='ltr'><strong>est,</strong></span> <span class='ocrx_word' id='word_1_116' title='bbox 1508 1574 1701 1658; x_wconf 89' lang='lat' dir='ltr'><strong>idque</strong></span> <span class='ocrx_word' id='word_1_117' title='bbox 1764 1575 1860 1638; x_wconf 89' lang='lat' dir='ltr'><strong>ita</strong></span> <span class='ocrx_word' id='word_1_118' title='bbox 1917 1574 2019 1639; x_wconf 90' lang='lat' dir='ltr'><strong>illi</strong></span> <span class='ocrx_word' id='word_1_119' title='bbox 2072 1575 2305 1640; x_wconf 88' lang='lat' dir='ltr'><strong>merito</strong></span> <span class='ocrx_word' id='word_1_120' title='bbox 2336 1597 2385 1637; x_wconf 87' lang='lat'><strong>15</strong></span> 
     </span>
     <span class='ocr_line' id='line_1_17' title="bbox 284 1662 2306 1748; baseline -0.001 -19"><span class='ocrx_word' id='word_1_121' title='bbox 284 1665 592 1729; x_wconf 89' lang='lat' dir='ltr'><strong>accidisse</strong></span> <span class='ocrx_word' id='word_1_122' title='bbox 638 1664 1080 1729; x_wconf 80' lang='lat' dir='ltr'><strong>existimatum</strong></span> <span class='ocrx_word' id='word_1_123' title='bbox 1125 1667 1243 1748; x_wconf 90' lang='lat' dir='ltr'><strong>est,</strong></span> <span class='ocrx_word' id='word_1_124' title='bbox 1289 1665 1363 1727; x_wconf 92' lang='lat' dir='ltr'><strong>ut</strong></span> <span class='ocrx_word' id='word_1_125' title='bbox 1399 1662 1801 1728; x_wconf 86' lang='lat' dir='ltr'><strong>laetarentur</strong></span> <span class='ocrx_word' id='word_1_126' title='bbox 1837 1684 2060 1728; x_wconf 90' lang='lat' dir='ltr'><strong>omnes</strong></span> <span class='ocrx_word' id='word_1_127' title='bbox 2099 1684 2306 1748; x_wconf 88' lang='lat' dir='ltr'><strong>neque</strong></span> 
     </span>
     <span class='ocr_line' id='line_1_18' title="bbox 284 1751 2307 1835; baseline -0 -18"><span class='ocrx_word' id='word_1_128' title='bbox 284 1754 422 1818; x_wconf 87' lang='lat' dir='ltr'><strong>ulla</strong></span> <span class='ocrx_word' id='word_1_129' title='bbox 467 1753 940 1818; x_wconf 87' lang='lat' dir='ltr'><strong>animadversio</strong></span> <span class='ocrx_word' id='word_1_130' title='bbox 986 1752 1519 1835; x_wconf 81' lang='lat' dir='ltr'><strong>constitueretur3</strong></span> <span class='ocrx_word' id='word_1_131' title='bbox 1564 1751 1671 1817; x_wconf 91' lang='lat' dir='ltr'><strong>hic</strong></span> <span class='ocrx_word' id='word_1_132' title='bbox 1718 1751 2040 1816; x_wconf 91' lang='lat' dir='ltr'><strong>sociorum</strong></span> <span class='ocrx_word' id='word_1_133' title='bbox 2087 1753 2307 1817; x_wconf 90' lang='lat' dir='ltr'><strong>ambu-</strong></span> 
     </span>
     <span class='ocr_line' id='line_1_19' title="bbox 285 1839 2309 1925; baseline -0.001 -18"><span class='ocrx_word' id='word_1_134' title='bbox 285 1845 425 1907; x_wconf 84' lang='lat' dir='ltr'><strong>stus</strong></span> <span class='ocrx_word' id='word_1_135' title='bbox 470 1842 765 1908; x_wconf 89' lang='lat' dir='ltr'><strong>incendio</strong></span> <span class='ocrx_word' id='word_1_136' title='bbox 811 1846 1034 1907; x_wconf 89' lang='lat' dir='ltr'><strong>tamen</strong></span> <span class='ocrx_word' id='word_1_137' title='bbox 1078 1863 1156 1906; x_wconf 85' lang='lat' dir='ltr'><strong>ex</strong></span> <span class='ocrx_word' id='word_1_138' title='bbox 1190 1841 1309 1905; x_wconf 90' lang='lat' dir='ltr'><strong>illa</strong></span> <span class='ocrx_word' id='word_1_139' title='bbox 1345 1839 1609 1905; x_wconf 87' lang='lat' dir='ltr'><strong>flamma</strong></span> <span class='ocrx_word' id='word_1_140' title='bbox 1644 1840 2060 1925; x_wconf 90' lang='lat' dir='ltr'><strong>periculoque</strong></span> <span class='ocrx_word' id='word_1_141' title='bbox 2096 1841 2309 1905; x_wconf 90' lang='lat' dir='ltr'><strong>evola·</strong></span> 
     </span>
     <span class='ocr_line' id='line_1_20' title="bbox 284 1929 2307 2016; baseline -0.001 -20"><span class='ocrx_word' id='word_1_142' title='bbox 284 1930 381 1996; x_wconf 92' lang='lat' dir='ltr'><strong>vit</strong></span> <span class='ocrx_word' id='word_1_143' title='bbox 451 1952 661 2015; x_wconf 91' lang='lat' dir='ltr'><strong>neque</strong></span> <span class='ocrx_word' id='word_1_144' title='bbox 734 1931 942 1996; x_wconf 90' lang='lat' dir='ltr'><strong>adhuc</strong></span> <span class='ocrx_word' id='word_1_145' title='bbox 1013 1950 1274 1995; x_wconf 89' lang='lat' dir='ltr'><strong>causam</strong></span> <span class='ocrx_word' id='word_1_146' title='bbox 1347 1929 1554 1994; x_wconf 86' lang='lat' dir='ltr'><strong>ullam</strong></span> <span class='ocrx_word' id='word_1_147' title='bbox 1627 1929 1995 2016; x_wconf 85' lang='lat' dir='ltr'><strong>excogitare</strong></span> <span class='ocrx_word' id='word_1_148' title='bbox 2072 1929 2307 2014; x_wconf 92' lang='lat' dir='ltr'><strong>potuit,</strong></span> 
     </span>
     <span class='ocr_line' id='line_1_21' title="bbox 286 2017 2436 2104; baseline -0.003 -20"><span class='ocrx_word' id='word_1_149' title='bbox 286 2042 484 2104; x_wconf 89' lang='lat' dir='ltr'><strong>quam</strong></span> <span class='ocrx_word' id='word_1_150' title='bbox 538 2020 622 2085; x_wconf 91' lang='lat' dir='ltr'><strong>ob</strong></span> <span class='ocrx_word' id='word_1_151' title='bbox 678 2042 817 2085; x_wconf 92' lang='lat' dir='ltr'><strong>rem</strong></span> <span class='ocrx_word' id='word_1_152' title='bbox 871 2019 1294 2101; x_wconf 88' lang='lat' dir='ltr'><strong>commiserit,</strong></span> <span class='ocrx_word' id='word_1_153' title='bbox 1359 2021 1473 2082; x_wconf 88' lang='lat' dir='ltr'><strong>aut</strong></span> <span class='ocrx_word' id='word_1_154' title='bbox 1530 2018 1683 2101; x_wconf 91' lang='lat' dir='ltr'><strong>quid</strong></span> <span class='ocrx_word' id='word_1_155' title='bbox 1738 2017 2047 2101; x_wconf 84' lang='lat' dir='ltr'><strong>evenerit,</strong></span> <span class='ocrx_word' id='word_1_156' title='bbox 2101 2022 2174 2081; x_wconf 88' lang='lat' dir='ltr'><strong>ut</strong></span> <span class='ocrx_word' id='word_1_157' title='bbox 2239 2019 2308 2081; x_wconf 89' lang='lat' dir='ltr'><strong>in</strong></span> <span class='ocrx_word' id='word_1_158' title='bbox 2336 2038 2388 2078; x_wconf 61' lang='grc' dir='ltr'><strong>ιο</strong></span> <span class='ocrx_word' id='word_1_159' title='bbox 2429 2085 2436 2091; x_wconf 53' lang='grc'><strong>,</strong></span> 
     </span>
     <span class='ocr_line' id='line_1_22' title="bbox 285 2104 2305 2192; baseline -0.002 -19"><span class='ocrx_word' id='word_1_160' title='bbox 285 2112 544 2173; x_wconf 88' lang='lat' dir='ltr'><strong>tantum</strong></span> <span class='ocrx_word' id='word_1_161' title='bbox 597 2109 959 2192; x_wconf 91' lang='lat' dir='ltr'><strong>periculum</strong></span> <span class='ocrx_word' id='word_1_162' title='bbox 1012 2107 1281 2171; x_wconf 89' lang='lat' dir='ltr'><strong>veniret.</strong></span> <span class='ocrx_word' id='word_1_163' title='bbox 1371 2104 1524 2171; x_wconf 88' lang='lat' dir='ltr'><strong>Non</strong></span> <span class='ocrx_word' id='word_1_164' title='bbox 1578 2106 1751 2170; x_wconf 89' lang='lat' dir='ltr'><strong>enim</strong></span> <span class='ocrx_word' id='word_1_165' title='bbox 1805 2108 2024 2191; x_wconf 88' lang='lat' dir='ltr'><strong>potest</strong></span> <span class='ocrx_word' id='word_1_166' title='bbox 2068 2104 2305 2171; x_wconf 83' lang='lat' dir='ltr'><strong>dicere:</strong></span> 
     </span>
     <span class='ocr_line' id='line_1_23' title="bbox 287 2193 2308 2280; baseline -0.001 -19"><span class='ocrx_word' id='word_1_167' title='bbox 287 2196 456 2261; x_wconf 76' lang='lat' dir='ltr'><strong>‘cum</strong></span> <span class='ocrx_word' id='word_1_168' title='bbox 485 2195 867 2260; x_wconf 88' lang='lat' dir='ltr'><strong>seditionem</strong></span> <span class='ocrx_word' id='word_1_169' title='bbox 897 2194 1121 2258; x_wconf 86' lang='lat' dir='ltr'><strong>sedare</strong></span> <span class='ocrx_word' id='word_1_170' title='bbox 1148 2194 1404 2277; x_wconf 92' lang='lat' dir='ltr'><strong>vellem,</strong></span> <span class='ocrx_word' id='word_1_171' title='bbox 1438 2214 1583 2258; x_wconf 90' lang='lat' dir='ltr'><strong>cum</strong></span> <span class='ocrx_word' id='word_1_172' title='bbox 1610 2193 2008 2260; x_wconf 87' lang='lat' dir='ltr'><strong>frumentum</strong></span> <span class='ocrx_word' id='word_1_173' title='bbox 2035 2194 2308 2280; x_wconf 89' lang='lat' dir='ltr'><strong>impera-</strong></span> 
     </span>
     <span class='ocr_line' id='line_1_24' title="bbox 285 2282 2308 2367; baseline 0 -20"><span class='ocrx_word' id='word_1_174' title='bbox 285 2306 451 2367; x_wconf 85' lang='lat' dir='ltr'><strong>rem,</strong></span> <span class='ocrx_word' id='word_1_175' title='bbox 504 2304 652 2348; x_wconf 87' lang='lat' dir='ltr'><strong>cum</strong></span> <span class='ocrx_word' id='word_1_176' title='bbox 705 2282 1099 2366; x_wconf 89' lang='lat' dir='ltr'><strong>stipendium</strong></span> <span class='ocrx_word' id='word_1_177' title='bbox 1153 2302 1479 2367; x_wconf 86' lang='lat' dir='ltr'><strong>cogerem,</strong></span> <span class='ocrx_word' id='word_1_178' title='bbox 1532 2292 1682 2347; x_wconf 64' lang='lat' dir='ltr'><strong>‘cum</strong></span> <span class='ocrx_word' id='word_1_179' title='bbox 1736 2283 1982 2367; x_wconf 91' lang='lat' dir='ltr'><strong>aliquid</strong></span> <span class='ocrx_word' id='word_1_180' title='bbox 2037 2283 2308 2367; x_wconf 91' lang='lat' dir='ltr'><strong>denique</strong></span> 
     </span>
     <span class='ocr_line' id='line_1_25' title="bbox 285 2369 2309 2457; baseline 0.002 -24"><span class='ocrx_word' id='word_1_181' title='bbox 285 2371 381 2434; x_wconf 92' lang='lat' dir='ltr'><strong>rei</strong></span> <span class='ocrx_word' id='word_1_182' title='bbox 451 2369 748 2454; x_wconf 91' lang='lat' dir='ltr'><strong>publicae</strong></span> <span class='ocrx_word' id='word_1_183' title='bbox 821 2391 1016 2434; x_wconf 88' lang='lat' dir='ltr'><strong>causa</strong></span> <span class='ocrx_word' id='word_1_184' title='bbox 1080 2391 1398 2456; x_wconf 90' lang='lat' dir='ltr'><strong>gererem,</strong></span> <span class='ocrx_word' id='word_1_185' title='bbox 1466 2370 1639 2454; x_wconf 89' lang='lat' dir='ltr'><strong>quod</strong></span> <span class='ocrx_word' id='word_1_186' title='bbox 1702 2371 1912 2436; x_wconf 88' lang='lat' dir='ltr'><strong>acrius</strong></span> <span class='ocrx_word' id='word_1_187' title='bbox 1976 2371 2309 2457; x_wconf 85' lang='lat' dir='ltr'><strong>imperavi,</strong></span> 
     </span>
     <span class='ocr_line' id='line_1_26' title="bbox 288 2456 2390 2542; baseline -0.002 -20"><span class='ocrx_word' id='word_1_188' title='bbox 288 2457 461 2542; x_wconf 91' lang='lat' dir='ltr'><strong>quod</strong></span> <span class='ocrx_word' id='word_1_189' title='bbox 497 2456 942 2541; x_wconf 87' lang='lat' dir='ltr'><strong>animadverti,</strong></span> <span class='ocrx_word' id='word_1_190' title='bbox 980 2458 1151 2542; x_wconf 90' lang='lat' dir='ltr'><strong>quod</strong></span> <span class='ocrx_word' id='word_1_191' title='bbox 1184 2459 1470 2523; x_wconf 90' lang='lat' dir='ltr'><strong>minatus</strong></span> <span class='ocrx_word' id='word_1_192' title='bbox 1500 2457 1685 2524; x_wconf 68' lang='lat' dir='ltr'><strong>sum?</strong></span> <span class='ocrx_word' id='word_1_193' title='bbox 1759 2458 1937 2535; x_wconf 82' lang='lat' dir='ltr'><strong>Quae</strong></span> <span class='ocrx_word' id='word_1_194' title='bbox 1965 2459 2021 2524; x_wconf 91' lang='lat' dir='ltr'><strong>si</strong></span> <span class='ocrx_word' id='word_1_195' title='bbox 2050 2459 2310 2542; x_wconf 90' lang='lat' dir='ltr'><strong>diceret,</strong></span> <span class='ocrx_word' id='word_1_196' title='bbox 2338 2476 2390 2519; x_wconf 80' lang='lat'><strong>25</strong></span> 
     </span>
     <span class='ocr_line' id='line_1_27' title="bbox 287 2545 2309 2632; baseline 0.001 -22"><span class='ocrx_word' id='word_1_197' title='bbox 287 2549 503 2610; x_wconf 85' lang='lat' dir='ltr'><strong>tamen</strong></span> <span class='ocrx_word' id='word_1_198' title='bbox 523 2545 776 2631; x_wconf 88' lang='lat' dir='ltr'><strong>ignosci</strong></span> <span class='ocrx_word' id='word_1_199' title='bbox 794 2567 928 2611; x_wconf 91' lang='lat' dir='ltr'><strong>non</strong></span> <span class='ocrx_word' id='word_1_200' title='bbox 947 2550 1296 2632; x_wconf 87' lang='lat' dir='ltr'><strong>oporteret,</strong></span> <span class='ocrx_word' id='word_1_201' title='bbox 1316 2547 1373 2611; x_wconf 90' lang='lat' dir='ltr'><strong>si</strong></span> <span class='ocrx_word' id='word_1_202' title='bbox 1388 2547 1583 2611; x_wconf 91' lang='lat' dir='ltr'><strong>nimis</strong></span> <span class='ocrx_word' id='word_1_203' title='bbox 1604 2548 1912 2613; x_wconf 90' lang='lat' dir='ltr'><strong>atrociter</strong></span> <span class='ocrx_word' id='word_1_204' title='bbox 1929 2547 2309 2632; x_wconf 90' lang='lat' dir='ltr'><strong>imperando</strong></span> 
     </span>
    </p>

    <p class='ocr_par' dir='ltr' id='par_1_4' title="bbox 182 2606 2398 3604">
     <span class='ocr_line' id='line_1_28' title="bbox 182 2606 2313 2733; baseline 0.001 -35"><span class='ocrx_word' id='word_1_205' title='bbox 182 2606 267 2733; x_wconf 51' lang='lat'><strong>318</strong></span> <span class='ocrx_word' id='word_1_206' title='bbox 290 2635 480 2700; x_wconf 88' lang='lat' dir='ltr'><strong>sociis</strong></span> <span class='ocrx_word' id='word_1_207' title='bbox 519 2635 590 2699; x_wconf 90' lang='lat' dir='ltr'><strong>in</strong></span> <span class='ocrx_word' id='word_1_208' title='bbox 632 2637 890 2699; x_wconf 84' lang='lat' dir='ltr'><strong>tantum</strong></span> <span class='ocrx_word' id='word_1_209' title='bbox 937 2634 1249 2701; x_wconf 86' lang='lat' dir='ltr'><strong>adductus</strong></span> <span class='ocrx_word' id='word_1_210' title='bbox 1297 2635 1655 2720; x_wconf 89' lang='lat' dir='ltr'><strong>periculum</strong></span> <span class='ocrx_word' id='word_1_211' title='bbox 1700 2635 2043 2702; x_wconf 88' lang='lat' dir='ltr'><strong>videretur.</strong></span> <span class='ocrx_word' id='word_1_212' title='bbox 2117 2634 2313 2701; x_wconf 85' lang='lat' dir='ltr'><strong>Nunc</strong></span> 
     </span>
     <span class='ocr_line' id='line_1_29' title="bbox 287 2723 2310 2809; baseline 0 -21"><span class='ocrx_word' id='word_1_213' title='bbox 287 2745 431 2788; x_wconf 88' lang='lat' dir='ltr'><strong>cum</strong></span> <span class='ocrx_word' id='word_1_214' title='bbox 448 2724 589 2808; x_wconf 85' lang='lat' dir='ltr'><strong>ipse</strong></span> <span class='ocrx_word' id='word_1_215' title='bbox 605 2744 868 2788; x_wconf 88' lang='lat' dir='ltr'><strong>causam</strong></span> <span class='ocrx_word' id='word_1_216' title='bbox 880 2723 1057 2788; x_wconf 91' lang='lat' dir='ltr'><strong>illius</strong></span> <span class='ocrx_word' id='word_1_217' title='bbox 1073 2724 1395 2788; x_wconf 90' lang='lat' dir='ltr'><strong>tumultus</strong></span> <span class='ocrx_word' id='word_1_218' title='bbox 1412 2743 1619 2807; x_wconf 91' lang='lat' dir='ltr'><strong>neque</strong></span> <span class='ocrx_word' id='word_1_219' title='bbox 1633 2744 1855 2789; x_wconf 90' lang='lat' dir='ltr'><strong>veram</strong></span> <span class='ocrx_word' id='word_1_220' title='bbox 1877 2725 2085 2790; x_wconf 88' lang='lat' dir='ltr'><strong>dicere</strong></span> <span class='ocrx_word' id='word_1_221' title='bbox 2102 2745 2310 2809; x_wconf 90' lang='lat' dir='ltr'><strong>neque</strong></span> 
     </span>
     <span class='ocr_line' id='line_1_30' title="bbox 284 2811 2311 2897; baseline 0.001 -23"><span class='ocrx_word' id='word_1_222' title='bbox 284 2811 523 2877; x_wconf 89' lang='lat' dir='ltr'><strong>falsam</strong></span> <span class='ocrx_word' id='word_1_223' title='bbox 570 2812 937 2897; x_wconf 90' lang='lat' dir='ltr'><strong>confingere</strong></span> <span class='ocrx_word' id='word_1_224' title='bbox 975 2812 1224 2895; x_wconf 86' lang='lat' dir='ltr'><strong>audeat,</strong></span> <span class='ocrx_word' id='word_1_225' title='bbox 1270 2811 1467 2877; x_wconf 89' lang='lat' dir='ltr'><strong>homo</strong></span> <span class='ocrx_word' id='word_1_226' title='bbox 1506 2814 1724 2877; x_wconf 90' lang='lat' dir='ltr'><strong>autem</strong></span> <span class='ocrx_word' id='word_1_227' title='bbox 1761 2813 2004 2878; x_wconf 89' lang='lat' dir='ltr'><strong>ordinis</strong></span> <span class='ocrx_word' id='word_1_228' title='bbox 2044 2813 2145 2879; x_wconf 89' lang='lat' dir='ltr'><strong>sui</strong></span> <span class='ocrx_word' id='word_1_229' title='bbox 2179 2813 2311 2877; x_wconf 87' lang='lat' dir='ltr'><strong>fru-</strong></span> 
     </span>
     <span class='ocr_line' id='line_1_31' title="bbox 288 2897 2393 2986; baseline -0.002 -22"><span class='ocrx_word' id='word_1_230' title='bbox 288 2900 682 2986; x_wconf 75' lang='lat' dir='ltr'><strong>galissimuS,</strong></span> <span class='ocrx_word' id='word_1_231' title='bbox 720 2900 832 2983; x_wconf 90' lang='lat' dir='ltr'><strong>qui</strong></span> <span class='ocrx_word' id='word_1_232' title='bbox 866 2904 1007 2965; x_wconf 90' lang='lat' dir='ltr'><strong>tum</strong></span> <span class='ocrx_word' id='word_1_233' title='bbox 1045 2921 1350 2965; x_wconf 89' lang='lat' dir='ltr'><strong>accensus</strong></span> <span class='ocrx_word' id='word_1_234' title='bbox 1384 2898 1455 2966; x_wconf 82' lang='lat' dir='ltr'><strong>O.</strong></span> <span class='ocrx_word' id='word_1_235' title='bbox 1481 2897 1729 2965; x_wconf 91' lang='lat' dir='ltr'><strong>Neroni</strong></span> <span class='ocrx_word' id='word_1_236' title='bbox 1763 2900 1908 2985; x_wconf 84' lang='lat' dir='ltr'><strong>fuit,</strong></span> <span class='ocrx_word' id='word_1_237' title='bbox 1935 2900 2006 2964; x_wconf 91' lang='lat' dir='ltr'><strong>P-.</strong></span> <span class='ocrx_word' id='word_1_238' title='bbox 2036 2901 2310 2984; x_wconf 84' lang='lat' dir='ltr'><strong>Tettius,</strong></span> <span class='ocrx_word' id='word_1_239' title='bbox 2339 2920 2393 2959; x_wconf 77' lang='lat' dir='ltr'><strong>eo</strong></span> 
     </span>
     <span class='ocr_line' id='line_1_32' title="bbox 286 2988 2309 3074; baseline 0 -22"><span class='ocrx_word' id='word_1_240' title='bbox 286 2989 447 3056; x_wconf 88' lang='lat' dir='ltr'><strong>haec</strong></span> <span class='ocrx_word' id='word_1_241' title='bbox 475 2988 699 3053; x_wconf 91' lang='lat' dir='ltr'><strong>eadem</strong></span> <span class='ocrx_word' id='word_1_242' title='bbox 728 3008 797 3052; x_wconf 91' lang='lat' dir='ltr'><strong>se</strong></span> <span class='ocrx_word' id='word_1_243' title='bbox 834 2988 1177 3073; x_wconf 86' lang='lat' dir='ltr'><strong>Lampsaci</strong></span> <span class='ocrx_word' id='word_1_244' title='bbox 1214 3009 1529 3074; x_wconf 88' lang='lat' dir='ltr'><strong>cognosse</strong></span> <span class='ocrx_word' id='word_1_245' title='bbox 1567 2988 1818 3074; x_wconf 88' lang='lat' dir='ltr'><strong>dixerit,</strong></span> <span class='ocrx_word' id='word_1_246' title='bbox 1861 2989 1964 3055; x_wconf 94' lang='lat' dir='ltr'><strong>vir</strong></span> <span class='ocrx_word' id='word_1_247' title='bbox 2010 2989 2309 3054; x_wconf 87' lang='lat' dir='ltr'><strong>omnibus</strong></span> 
     </span>
     <span class='ocr_line' id='line_1_33' title="bbox 286 3074 2311 3160; baseline 0.001 -20"><span class='ocrx_word' id='word_1_248' title='bbox 286 3078 482 3143; x_wconf 87' lang='lat' dir='ltr'><strong>rebus</strong></span> <span class='ocrx_word' id='word_1_249' title='bbox 520 3075 994 3160; x_wconf 89' lang='lat' dir='ltr'><strong>ornatissimus,</strong></span> <span class='ocrx_word' id='word_1_250' title='bbox 1040 3074 1108 3141; x_wconf 83' lang='lat' dir='ltr'><strong>O.</strong></span> <span class='ocrx_word' id='word_1_251' title='bbox 1135 3074 1369 3159; x_wconf 89' lang='lat' dir='ltr'><strong>Varro,</strong></span> <span class='ocrx_word' id='word_1_252' title='bbox 1408 3076 1517 3160; x_wconf 91' lang='lat' dir='ltr'><strong>qui</strong></span> <span class='ocrx_word' id='word_1_253' title='bbox 1554 3080 1694 3141; x_wconf 89' lang='lat' dir='ltr'><strong>tum</strong></span> <span class='ocrx_word' id='word_1_254' title='bbox 1724 3077 1793 3141; x_wconf 91' lang='lat' dir='ltr'><strong>in</strong></span> <span class='ocrx_word' id='word_1_255' title='bbox 1819 3076 1983 3142; x_wconf 89' lang='lat' dir='ltr'><strong>Asia</strong></span> <span class='ocrx_word' id='word_1_256' title='bbox 2009 3078 2311 3142; x_wconf 87' lang='lat' dir='ltr'><strong>tribunus</strong></span> 
     </span>
     <span class='ocr_line' id='line_1_34' title="bbox 288 3163 2314 3249; baseline 0 -20"><span class='ocrx_word' id='word_1_257' title='bbox 288 3166 573 3231; x_wconf 90' lang='lat' dir='ltr'><strong>militum</strong></span> <span class='ocrx_word' id='word_1_258' title='bbox 608 3164 753 3247; x_wconf 87' lang='lat' dir='ltr'><strong>fuit,</strong></span> <span class='ocrx_word' id='word_1_259' title='bbox 789 3165 948 3230; x_wconf 88' lang='lat' dir='ltr'><strong>haec</strong></span> <span class='ocrx_word' id='word_1_260' title='bbox 986 3164 1208 3229; x_wconf 88' lang='lat' dir='ltr'><strong>eadem</strong></span> <span class='ocrx_word' id='word_1_261' title='bbox 1243 3165 1386 3249; x_wconf 88' lang='lat' dir='ltr'><strong>ipse</strong></span> <span class='ocrx_word' id='word_1_262' title='bbox 1424 3187 1493 3229; x_wconf 92' lang='lat' dir='ltr'><strong>se</strong></span> <span class='ocrx_word' id='word_1_263' title='bbox 1531 3187 1609 3229; x_wconf 86' lang='lat' dir='ltr'><strong>ex</strong></span> <span class='ocrx_word' id='word_1_264' title='bbox 1634 3163 2021 3231; x_wconf 91' lang='lat' dir='ltr'><strong>Philodamo</strong></span> <span class='ocrx_word' id='word_1_265' title='bbox 2056 3166 2314 3231; x_wconf 91' lang='lat' dir='ltr'><strong>audisse</strong></span> 
     </span>
     <span class='ocr_line' id='line_1_35' title="bbox 290 3251 2314 3338; baseline 0 -21"><span class='ocrx_word' id='word_1_266' title='bbox 290 3251 487 3336; x_wconf 88' lang='lat' dir='ltr'><strong>dicat,</strong></span> <span class='ocrx_word' id='word_1_267' title='bbox 547 3252 824 3338; x_wconf 89' lang='lat' dir='ltr'><strong>potestis</strong></span> <span class='ocrx_word' id='word_1_268' title='bbox 871 3253 1192 3335; x_wconf 88' lang='lat' dir='ltr'><strong>dubitare,</strong></span> <span class='ocrx_word' id='word_1_269' title='bbox 1240 3253 1397 3336; x_wconf 89' lang='lat' dir='ltr'><strong>quin</strong></span> <span class='ocrx_word' id='word_1_270' title='bbox 1440 3253 1644 3318; x_wconf 89' lang='lat' dir='ltr'><strong>istum</strong></span> <span class='ocrx_word' id='word_1_271' title='bbox 1685 3253 1952 3320; x_wconf 89' lang='lat' dir='ltr'><strong>fortuna</strong></span> <span class='ocrx_word' id='word_1_272' title='bbox 1995 3275 2130 3319; x_wconf 91' lang='lat' dir='ltr'><strong>non</strong></span> <span class='ocrx_word' id='word_1_273' title='bbox 2173 3258 2314 3319; x_wconf 82' lang='lat' dir='ltr'><strong>tam</strong></span> 
     </span>
     <span class='ocr_line' id='line_1_36' title="bbox 291 3341 2398 3426; baseline 0 -21"><span class='ocrx_word' id='word_1_274' title='bbox 291 3361 369 3405; x_wconf 85' lang='lat' dir='ltr'><strong>ex</strong></span> <span class='ocrx_word' id='word_1_275' title='bbox 411 3341 530 3406; x_wconf 94' lang='lat' dir='ltr'><strong>illo</strong></span> <span class='ocrx_word' id='word_1_276' title='bbox 575 3341 862 3425; x_wconf 89' lang='lat' dir='ltr'><strong>periculo</strong></span> <span class='ocrx_word' id='word_1_277' title='bbox 910 3342 1157 3426; x_wconf 91' lang='lat' dir='ltr'><strong>eripere</strong></span> <span class='ocrx_word' id='word_1_278' title='bbox 1203 3341 1483 3406; x_wconf 92' lang='lat' dir='ltr'><strong>voluerit</strong></span> <span class='ocrx_word' id='word_1_279' title='bbox 1529 3364 1724 3426; x_wconf 89' lang='lat' dir='ltr'><strong>quam</strong></span> <span class='ocrx_word' id='word_1_280' title='bbox 1772 3343 1854 3406; x_wconf 90' lang='lat' dir='ltr'><strong>ad</strong></span> <span class='ocrx_word' id='word_1_281' title='bbox 1895 3347 2186 3408; x_wconf 88' lang='lat' dir='ltr'><strong>vestrum</strong></span> <span class='ocrx_word' id='word_1_282' title='bbox 2222 3342 2315 3407; x_wconf 91' lang='lat' dir='ltr'><strong>iu·</strong></span> <span class='ocrx_word' id='word_1_283' title='bbox 2345 3358 2398 3400; x_wconf 77' lang='lat'><strong>³⁵</strong></span> 
     </span>
     <span class='ocr_line' id='line_1_37' title="bbox 290 3426 2325 3514; baseline 0.001 -23"><span class='ocrx_word' id='word_1_284' title='bbox 290 3426 529 3492; x_wconf 89' lang='lat' dir='ltr'><strong>dicium</strong></span> <span class='ocrx_word' id='word_1_285' title='bbox 581 3429 955 3494; x_wconf 77' lang='lat' dir='ltr'><strong>reservare?</strong></span> <span class='ocrx_word' id='word_1_286' title='bbox 1045 3427 1192 3494; x_wconf 92' lang='lat' dir='ltr'><strong>Nisi</strong></span> <span class='ocrx_word' id='word_1_287' title='bbox 1247 3450 1400 3494; x_wconf 90' lang='lat' dir='ltr'><strong>vero</strong></span> <span class='ocrx_word' id='word_1_288' title='bbox 1455 3430 1621 3495; x_wconf 92' lang='lat' dir='ltr'><strong>illud</strong></span> <span class='ocrx_word' id='word_1_289' title='bbox 1675 3430 1872 3513; x_wconf 89' lang='lat' dir='ltr'><strong>dicet,</strong></span> <span class='ocrx_word' id='word_1_290' title='bbox 1926 3431 1975 3513; x_wconf 85' lang='lat'><strong>†</strong></span> <span class='ocrx_word' id='word_1_291' title='bbox 2020 3431 2192 3514; x_wconf 90' lang='lat' dir='ltr'><strong>quod</strong></span> <span class='ocrx_word' id='word_1_292' title='bbox 2248 3433 2325 3495; x_wconf 78' lang='lat' dir='ltr'><strong>et</strong></span> 
     </span>
     <span class='ocr_line' id='line_1_38' title="bbox 287 3514 2319 3604; baseline 0.003 -27"><span class='ocrx_word' id='word_1_293' title='bbox 287 3515 361 3578; x_wconf 90' lang='lat' dir='ltr'><strong>in</strong></span> <span class='ocrx_word' id='word_1_294' title='bbox 387 3514 566 3579; x_wconf 87' lang='lat' dir='ltr'><strong>Tetti</strong></span> <span class='ocrx_word' id='word_1_295' title='bbox 599 3516 974 3582; x_wconf 83' lang='lat' dir='ltr'><strong>testimonio</strong></span> <span class='ocrx_word' id='word_1_296' title='bbox 1009 3518 1226 3602; x_wconf 88' lang='lat' dir='ltr'><strong>priore</strong></span> <span class='ocrx_word' id='word_1_297' title='bbox 1272 3518 1526 3584; x_wconf 89' lang='lat' dir='ltr'><strong>actione</strong></span> <span class='ocrx_word' id='word_1_298' title='bbox 1565 3518 2010 3604; x_wconf 89' lang='lat' dir='ltr'><strong>interpellavit</strong></span> <span class='ocrx_word' id='word_1_299' title='bbox 2037 3517 2319 3583; x_wconf 87' lang='lat' dir='ltr'><strong>Horten·</strong></span> 
     </span>
    </p>
   </div>
  </div>
 </body>
</html>
