2566 4016
674 200 809 255 LIB.
848 202 928 256 ΙΠ
993 200 1147 255 CAP.
1186 207 1397 257 55—57
1434 208 1465 268 9
1506 207 1800 257 128—132.
2116 204 2247 270 323

229 347 449 411 buisse
497 345 903 411 decumanos,
983 343 1136 410 Non
1180 345 1305 410 hoc
1348 367 1519 410 nunc
1563 346 1849 431 primum
1895 349 2075 412 audit
2120 349 2247 435 pri·
2267 355 2351 421 57

145 456 151 459 “
230 438 418 499 vatus
476 433 554 498 de
608 433 898 517 inimico,
953 453 1101 497 reus
1156 434 1239 498 ab
1297 437 1698 518 accusatore3
1750 435 1881 500 iam
1939 440 2132 502 antea
2179 438 2250 502 in

232 523 394 588 sella
422 521 652 587 sedens
679 524 962 606 praetor,
991 543 1136 585 cum
1163 521 1567 605 provinciam
1590 520 1879 588 Siciliam
1908 525 2251 609 optineret,

233 633 379 677 cum
435 611 518 674 ab
574 609 875 675 omnibus
928 631 1060 673 non
1115 608 1354 693 solum,
1407 610 1476 673 id
1530 611 1702 693 quod
1748 633 2085 677 commune
2132 616 2250 696 est,

178 715 205 757 5
231 701 502 785 propter
562 697 935 782 imperium,
1001 695 1113 762 sed
1178 697 1403 782 etlam,
1467 697 1534 761 id
1599 698 1770 782 quod
1823 699 2013 765 istius
2067 721 2249 784 prae-

234 787 495 869 cipuum
538 789 664 869 est,
710 788 979 870 propter
1024 784 1476 850 crudelitatem
1520 790 1943 871 metueretur,
1990 787 2248 853 miliens

235 874 500 959 audivit,
535 895 682 940 cum
710 873 846 937 eius
877 872 1163 938 animum
1201 874 1283 937 ad
1318 874 1831 958 persequendum
1865 896 1999 941 non
2032 877 2251 962 negle-

234 963 456 1050 gentia
508 960 826 1045 tardaret,
883 960 996 1025 sed
1050 960 1443 1026 conscientia
1498 962 1757 1027 sceleris
1810 963 2248 1048 avaritiaeque

236 1073 388 1116 suae
444 1050 816 1116 refrenaret.
896 1048 1362 1150 Loquebantur
1417 1049 1587 1117 enim
1643 1049 1978 1116 decumani
2027 1053 2249 1136 palam

152 1156 206 1197 10
234 1144 300 1205 et
348 1141 608 1238 praeter
653 1141 902 1203 ceteros
948 1137 1035 1221 is,
1091 1136 1201 1220 qui
1248 1137 1420 1222 apud
1463 1137 1664 1202 istum
1708 1139 2064 1224 plurimum
2106 1144 2249 1224 pot—

234 1231 376 1292 erat
429 1225 874 1310 maximosque
929 1246 1124 1310 agros
1177 1225 1641 1311 populabatur,
1697 1225 2054 1327 AproniuS,
2107 1249 2248 1313 per-

210 1336 511 1400 parvum
565 1334 641 1377 ex
689 1313 822 1378 illis
869 1313 1125 1399 magnis
1171 1313 1371 1378 lucris
1419 1314 1501 1378 ad
1545 1336 1615 1379 se
1660 1315 2022 1399 pervenire,
2067 1337 2247 1401 praee

235 1408 446 1467 torem
501 1422 640 1467 esse
687 1401 950 1467 socium.
1039 1399 1184 1465 Hoc
1229 1422 1377 1466 cum
1420 1403 1641 1486 palam
1688 1402 2024 1471 decumani
2068 1407 2212 1468 tota
2252 1417 2351 1466 131

230 1490 569 1575 provincia
604 1490 1024 1574 loquerentur
1060 1492 1370 1573 tuumque
1407 1511 1645 1554 nomen
1681 1491 1750 1554 in
1786 1513 1856 1556 re
1891 1494 2031 1556 tam
2071 1492 2251 1576 turpi

154 1595 207 1636 15
232 1579 609 1664 nefariaque
644 1578 1152 1662 interponerent,
1196 1577 1445 1642 nihilne
1483 1578 1607 1642 tibi
1643 1579 1821 1643 venit
1857 1579 1928 1643 in
1964 1584 2249 1645 mentem

233 1667 699 1732 existimationi
753 1670 905 1732 tuae
960 1665 1320 1748 consulere,
1374 1665 1539 1730 nihil
1596 1666 1868 1750 denique
1923 1668 2124 1753 capiti
2175 1690 2249 1733 ac

230 1755 512 1820 fortunis
576 1755 706 1819 tuis
770 1752 1155 1839 providere?
1222 1775 1367 1818 cum
1425 1754 1526 1818 tui
1577 1754 1860 1819 nominis
1914 1759 2127 1819 terror
2178 1756 2249 1819 in

236 1842 499 1907 auribus
536 1842 899 1926 animisque
937 1845 1268 1906 aratorum
1305 1844 1691 1925 versaretur,
1729 1864 1875 1906 cum
1913 1843 2248 1907 decumani

238 1929 603 1995 aratoribus
652 1930 734 1997 ad
777 1930 1110 2016 pactiones
1156 1927 1484 1994 faciendas
1528 1950 1661 1993 non
1708 1951 1893 1995 suam
1937 1930 2089 2014 vim,
2137 1931 2249 1995 sed

128 2035 208 2077 wo
235 2024 422 2084 tuum
472 2019 680 2085 scelus
728 2040 803 2083 ac
847 2040 1085 2084 nomen
1130 2021 1548 2104 opponerent.
1628 2016 1898 2102 Ecquod
1940 2018 2248 2083 iudicium

234 2108 482 2173 Romae
554 2111 693 2171 tam
756 2106 1169 2190 dissolutum,
1241 2109 1381 2171 tam
1441 2106 1792 2190 perditum,
1865 2110 2005 2170 tam
2066 2127 2249 2172 num-

235 2196 512 2261 marium
549 2195 690 2259 fore
727 2195 994 2279 putasti,
1041 2217 1167 2279 quo
1207 2216 1285 2258 ex
1319 2193 1555 2260 iudicio
1597 2197 1663 2259 te
1709 2194 1847 2259 ulla
1883 2192 2074 2259 Salus
2122 2217 2249 2259 ser-

236 2305 391 2348 vare
426 2284 691 2367 posset?
739 2305 886 2347 cum
920 2283 1191 2367 planum
1230 2282 1417 2348 fieret
1463 2282 1744 2348 decumis
1792 2286 2019 2348 contra
2064 2283 2249 2348 insti-

236 2375 408 2454 tuta,
486 2371 664 2457 leges
737 2370 1391 2456 consuetudinemque
1466 2371 1762 2436 omnium.
1824 2371 2103 2437 venditis
2180 2371 2250 2436 in

149 2475 208 2537 25
237 2463 570 2526 aratorum
597 2459 786 2526 bonis
812 2459 1222 2543 fortunisque
1251 2459 1625 2543 diripiendis
1656 2460 2041 2526 decumanos
2071 2459 2251 2525 dicti-

232 2552 409 2613 tasse
437 2551 586 2614 tuas
614 2570 754 2613 esse
790 2551 1032 2633 parteS,
1066 2550 1250 2612 tuam
1286 2569 1443 2631 rem,
1479 2551 1660 2612 tuam
1697 2547 2022 2633 praedam,
2058 2547 2251 2633 idque

233 2640 301 2700 te
351 2637 630 2702 tacuisse
677 2641 768 2720 et,
823 2658 970 2702 cum
1022 2635 1429 2700 dissimulare
1474 2657 1607 2700 non
1650 2658 1875 2720 posses
1885 2686 1904 2721 ,
1951 2636 2251 2721 potuisse

233 2727 458 2787 tamen
508 2725 763 2807 perpeti
808 2727 873 2788 et
918 2724 1231 2809 perferre,
1288 2723 1459 2806 quod
1504 2724 1885 2809 magnitudo
1930 2724 2097 2790 lucri
2142 2723 2252 2787 ob-

238 2813 528 2875 scuraret
553 2811 824 2894 periculi
851 2811 1370 2896 magnitudinem
1396 2812 1671 2896 plusque
1705 2812 2041 2895 aliquanto
2080 2810 2252 2896 apud

150 2916 209 2958 ao
236 2903 303 2963 te
349 2897 658 2983 pecuniae
704 2898 1022 2983 cupiditas
1071 2922 1267 2984 quam
1312 2899 1531 2965 iudicii
1576 2903 1787 2965 metus
1833 2902 2073 2984 posset.

369 2985 533 3051 Esto
543 3036 561 3069 ,
617 2989 831 3050 cetera
882 3008 1123 3073 negare
1176 3009 1310 3052 non
1352 2991 1567 3072 potes;
1621 3010 1702 3052 ne
1746 2988 1910 3053 illud
1957 2987 2216 3073 quidem
2256 3007 2355 3057 132

235 3076 358 3142 tibi
413 3075 742 3159 reliquum
789 3073 1031 3158 fecisti,
1087 3079 1163 3139 ut
1215 3075 1340 3140 hoc
1393 3096 1620 3161 posses
1677 3075 1911 3160 dicere,
1964 3076 2130 3140 nihil
2184 3078 2250 3139 te

237 3185 460 3228 eorum
521 3162 802 3247 audisse,
864 3162 1030 3227 nihil
1094 3164 1174 3228 ad
1234 3166 1382 3227 tuas
1439 3180 1625 3228 aures
1683 3165 1759 3228 de
1811 3164 2083 3229 infamia
2136 3166 2253 3228 tua

232 3251 647 3337 pervenisse?
704 3213 1152 3326 Qlierebantur
1181 3274 1326 3317 cum
1353 3252 1535 3316 luctu
1563 3255 1630 3316 et
1658 3252 1907 3337 gemitu
1933 3256 2252 3334 aratores3

150 3356 206 3398 35
234 3344 309 3405 tu
360 3339 428 3404 id
481 3340 858 3407 nesciebas?
947 3337 1295 3404 Fremebat
1348 3343 1492 3404 tota
1534 3340 1896 3441 provincia3
1947 3362 2139 3405 nemo
2185 3339 2253 3403 id

232 3428 360 3492 tibi
394 3428 856 3494 renuntiabat?
930 3426 1177 3492 Romae
1214 3426 1654 3512 querimoniae
1697 3427 1774 3491 de
1819 3426 1951 3491 tuis
1998 3427 2251 3492 iniuriis

234 3520 715 3602 conventusque
743 3517 1181 3601 habebantur;
1221 3516 1601 3601 [ignorabas
1629 3512 1860 3594 haecPJ
1899 3514 2252 3599 ignorabas

1714 3613 1826 3670 21*
