2566 4016
745 200 998 255 L113.111
1063 200 1214 256 CAP.
1252 206 1430 255 8-10
1468 206 1497 267 5
1533 207 1758 256 21—26.
2132 201 2265 266 279

254 368 392 411 cum
448 344 808 417 accubante
861 347 1271 428 praetextato
1327 345 1650 429 praetoris
1705 344 1843 409 filio
1899 347 2141 409 saltare
2196 346 2265 410 in

254 432 545 499 convivio
607 431 817 496 nudus
883 435 1201 515 coeperat.
1290 430 1507 515 Hunc,
1572 433 1671 496 uti
1730 432 1937 497 dicere
1990 433 2265 518 institui,

253 521 608 605 principem
643 518 883 583 Verres
939 519 1021 584 ad
1073 519 1372 583 fortunas
1425 522 1757 584 aratorum
1802 521 2127 585 vexandas
2176 522 2265 586 di·

126 776 137 785 ,
203 713 230 755 ⁵
254 607 2266 786 &ffifflssfflussdeiffssss„183301022‘1'01113333352127{seqsfflffg

254 784 379 849 hoc
431 786 729 867 praetore
783 782 1093 864 traditos,
1143 783 1412 866 iudices,
1470 787 1666 866 atque
1722 782 2013 848 addictos
2063 783 2265 847 fuisse

253 871 440 936 novis
483 870 803 935 institutis
852 874 918 934 et
964 870 1221 953 edictis,
1269 874 1415 935 tota
1458 869 1808 935 Hieronica
1853 871 2026 957 lege,
2073 892 2265 954 quem

255 959 335 1024 ad
380 959 643 1023 modum
689 961 881 1022 antea
928 957 1086 1041 dixi,
1130 958 1373 1023 reiecta
1417 962 1484 1023 et
1530 958 1887 1042 repudiata.

382 1046 675 1111 Primum
699 1046 978 1110 edictum
1007 1045 1242 1128 audite,
1258 1045 1529 1129 iudices,
1555 1047 1988 1129 praeclarum:
2019 1044 2264 1121 Quan-

178 1151 228 1193 10
253 1138 414 1198 tum
471 1133 929 1198 decumanus
985 1132 1361 1197 edidisset
1412 1137 1801 1198 aratorem
1848 1134 2001 1198 sibi
2048 1133 2264 1198 decu-

254 1229 416 1286 mae
447 1220 624 1285 dare
661 1224 1053 1306 oportere,
1088 1224 1172 1284 ut
1208 1225 1511 1286 tantum
1549 1225 1813 1285 arator
1851 1221 2263 1286 decumano

257 1309 436 1373 dare
500 1312 926 1393 cogeretur.
1023 1306 1162 1383 Quo
1229 1308 1467 1373 modo?
1535 1345 1611 1355 —
1681 1307 2009 1384 Quantum
2066 1329 2265 1392 popo·

256 1396 450 1461 scerit
494 1395 821 1479 Apronius
831 1446 848 1479 ,
895 1396 1065 1461 dato.
1117 1431 1191 1442 —
1245 1393 1412 1470 Quid
1459 1400 1559 1461 est
1603 1396 1771 1461 hoc?
1817 1400 2038 1460 utrum
2083 1418 2264 1480 prae-

252 1484 415 1549 toris
469 1484 848 1549 institutum
900 1484 969 1547 in
1025 1483 1234 1550 socios
1290 1505 1376 1548 an
1429 1484 1498 1549 in
1541 1483 1754 1549 hostis
1801 1484 2004 1550 victos
2050 1485 2266 1549 insani

176 1589 226 1630 1⁵
254 1572 533 1637 edictum
563 1575 757 1654 atque
783 1572 1126 1654 imperium
1154 1571 1463 1655 tyranni?
1502 1608 1580 1619 —
1620 1571 1768 1658 Ego
1804 1575 2063 1638 tantum
2102 1572 2266 1656 dem,

254 1664 568 1744 quantum
618 1660 733 1723 ille
777 1660 1192 1743 poposcerit?
1257 1663 1485 1744 poscet
1531 1682 1744 1743 omne,
1799 1665 2118 1743 quantum
2165 1683 2266 1724 ex·

254 1769 542 1813 aravero.
601 1781 675 1793 -
737 1746 904 1823 Quid
968 1748 1201 1812 omn'e‘?
1273 1748 1423 1830 plus
1486 1747 1686 1811 immo
1748 1748 1973 1831 etiam,
2034 1748 2265 1831 inquit,

254 1835 312 1898 si
365 1835 559 1899 volet.
617 1870 693 1880 —
754 1833 922 1910 Quid
976 1836 1158 1899 tum‘?
1226 1834 1382 1917 quid
1435 1835 1701 1899 censes?
1760 1870 1836 1880 —
1897 1834 2034 1899 Aut
2081 1835 2265 1898 dabis

255 1925 370 1987 aut
434 1925 661 1986 contra
713 1922 994 1987 edictum
1047 1921 1277 1987 fecisse
1334 1922 1739 1986 damnabere.
1796 1957 1879 1967 -
1933 1920 2057 1985 Per
2113 1922 2264 1986 deos

173 2031 227 2070 20
252 2011 682 2094 immortales,
738 2010 893 2094 quid
939 2016 1039 2075 est
1083 2010 1251 2075 hoc?
1313 2010 1449 2074 veri
1494 2010 1665 2074 enim
1714 2008 1925 2073 simile
1969 2031 2102 2074 non
2148 2015 2264 2075 est.

252 2098 357 2165 Sic
411 2100 573 2164 1111111
617 2099 999 2183 persuadeo,
1051 2098 1322 2181 iudices,
1376 2097 1641 2162 tametsi
1688 2097 1906 2162 omnia
1950 2097 2020 2161 in
2064 2098 2264 2163 istum

251 2187 582 2251 hominem
636 2187 977 2252 convenire
1032 2186 1305 2271 putetis,
1357 2188 1579 2250 tamen
1622 2185 1747 2250 hoc
1790 2185 1977 2249 vobis
2011 2185 2264 2250 ,falsum

253 2273 475 2338 videri.
544 2273 691 2359 Ego
728 2274 920 2358 enim,
959 2296 1106 2339 cum
1141 2273 1266 2339 hoc
1302 2277 1446 2339 tota
1482 2271 1703 2338 Sicilia
1740 2272 1997 2357 diceret,
2041 2277 2265 2339 tamen

255 2360 597 2426 adfirmare
640 2383 774 2427 non
819 2361 1148 2445 auderem,
1196 2362 1252 2426 si
1298 2362 1457 2427 haec
1503 2362 1714 2427 edicta
1757 2383 1891 2426 non
1936 2384 2012 2426 ex
2057 2362 2262 2447 ipsius

170 2465 225 2507 8⁵
252 2449 496 2514 tabulis
542 2450 814 2515 totidem
859 2450 1075 2514 verbis
1122 2450 1395 2515 recitare
1439 2471 1725 2534 possem,
1774 2449 1963 2515 sicuti
2007 2450 2265 2516 faciam.

248 2536 380 2622 Da,
427 2560 695 2622 quaeso,
740 2538 1017 2619 scribae,
1062 2537 1292 2602 recitet
1336 2559 1414 2601 ex
1460 2538 1675 2603 codice
1723 2536 2264 2620 [professionem].

247 2624 494 2690 Recita.
583 2625 913 2691 Emc'rtm
966 2642 1063 2688 DE
1116 2640 1611 2690 PROFESSIONE.
1700 2623 1920 2710 Negat
1963 2647 2067 2689 me
2104 2626 2265 2690 reci-

249 2715 393 2774 tare
455 2716 698 2795 totum3
759 2734 914 2777 nam
976 2712 1045 2776 id
1099 2712 1463 2798 significare
1517 2716 1681 2777 nutu
1733 2711 2005 2776 videtur.
2096 2710 2264 2787 Quid

253 2798 635 2880 praetereo?
674 2820 759 2862 an
784 2799 966 2884 illud,
1003 2800 1115 2864 ubi
1143 2822 1332 2865 caves
1368 2803 1589 2864 tamen
1617 2797 1849 2864 Siculis
1888 2802 1953 2862 et
1990 2799 2264 2863 miseros

164 2904 223 2945 so
230 2882 521 2968 respicis
578 2888 911 2951 aratores?
992 2887 1172 2952 Dicis
1229 2887 1402 2951 enim
1456 2890 1522 2951 te
1576 2887 1645 2951 in
1700 2886 2146 2968 decumanum,
2208 2887 2265 2950 si

251 2973 402 3057 plus
450 2972 821 3056 abstulerit,
874 2996 1069 3057 quam
1116 2975 1405 3040 debitum
1454 2974 1566 3058 sit,
1612 2973 1680 3037 in
1725 2975 2059 3057 octuplum
2104 2974 2264 3038 iudi·

250 3061 423 3126 cium
462 3060 783 3124 daturum.
863 3059 1048 3126 Nihil
1085 3063 1247 3127 mihi
1291 3063 1507 3146 placet
1551 3061 2015 3146 praetermitti3
2062 3062 2264 3126 recita

246 3148 372 3213 hoc
427 3169 709 3231 quoque,
766 3149 935 3231 quod
988 3151 1311 3233 postulat3
1365 3153 1577 3214 totum
1623 3148 1842 3212 recita.
1932 3147 2263 3213 EDICTUM

246 3254 343 3299 DE
370 3253 636 3302 mmmo
664 3253 740 3300 m
767 3252 1155 3301 oc'rUPLUM.
1207 3237 1453 3301 Iudicio
1482 3240 1556 3300 ut
1585 3238 1807 3301 arator
1840 3235 2261 3301 decumanum

160 3338 219 3380 ⁸⁵
247 3324 719 3408 persequatur?
800 3322 1110 3387 Miserum
1150 3327 1345 3407 atque
1391 3324 1711 3407 iniquum!
1790 3322 1895 3386 Ex
1940 3343 2100 3408 agro
2147 3324 2264 3390 ho-

246 3412 452 3477 mines
508 3412 792 3477 traducis
844 3412 913 3475 in
958 3411 1198 3495 forum,
1254 3412 1337 3475 ab
1386 3415 1605 3475 aratro
1653 3411 1735 3475 ad
1781 3411 2121 3494 subsellia,
2178 3414 2265 3477 ab

244 3519 369 3563 usu
413 3500 802 3565 rusticarum
849 3523 1066 3565 rerum
1112 3500 1194 3565 ad
1240 3499 1575 3566 insolitam
1622 3498 1807 3563 litem
1856 3503 2051 3584 atque
2097 3462 2267 3565 iudi-

2288 405 2374 531 122

2302 1058 2372 1106 25

2301 2103 2372 2152 26
