2566 4016
316 213 404 276 50
652 211 797 266 PRO
835 212 987 267 SEX.
1026 210 1287 268 ROSCIO
1324 207 1661 265 AMERINO
1699 210 1990 266 ORATIO.

315 356 634 441 videmus3
686 378 804 420 vos
860 360 1079 420 autem
1123 355 1402 420 maxime
1449 354 1697 419 debetis
1742 355 1814 417 in
1857 375 1968 419 eos
2012 354 2334 440 impetum

314 444 551 528 facere,
616 445 746 527 quix
781 447 1127 508 merentur.
1215 442 1364 508 Hoc·
1409 442 1653 527 populo
1711 442 2160 528 gratissimum
2216 449 2334 509 est.

314 531 589 614 Deinde,
645 530 700 596 si
754 532 1018 615 voletiS,
1072 532 1271 596 etiam
1325 535 1466 594 tum
1475 559 1505 614 ,'
1548 552 1693 594 cum
1746 529 1886 593 veri
1942 530 2153 595 simile
2209 532 2337 597 erit

182 692 188 697 ,
318 582 600 702 aliquem
655 620 1081 702 commisisse,
1134 620 1205 683 in
1258 618 1621 702 suspicione
1674 618 2015 702 latratote3
2068 618 2136 683 id
2182 641 2335 703 quo·

318 729 441 791 que
478 707 738 772 concedi
775 712 1011 792 potest.
1092 704 1208 771 Sin
1245 710 1464 771 autem
1510 706 1603 770 sic
1632 706 1878 791 agetis,
1923 710 1996 770 ut
2039 708 2336 793 arguatis
2361 728 2387 769 ⁵
2426 787 2432 791 -

318 795 601 878 aliquem
664 799 918 879 patrem
973 795 1281 868 occidisse
1334 815 1543 877 neque
1598 792 1808 858 dicere
1860 794 2156 878 possitis,
2222 799 2336 859 aut

319 903 517 966 quare
555 886 669 947 aut
706 904 833 967 quo
871 884 1079 966 modo,
1126 904 1200 947 ac
1235 885 1496 947 tantum
1544 882 1736 946 modo
1784 880 1921 944 sine
1970 882 2335 967 suspicione

316 970 676 1054 latrabitis,
739 993 927 1035 crura
982 971 1236 1055 quidem
1294 970 1482 1036 vobis
1530 990 1725 1033 nemo
1780 968 2150 1053 suffringet,
2203 969 2335 1052 sed,

319 1058 376 1122 si
430 1078 553 1144 ego
605 1057 727 1122 hos
783 1059 947 1123 bene
995 1058 1175 1141 novi,
1230 1058 1521 1122 litteram
1564 1056 1777 1139 illam,
1823 1057 1925 1121 cui
1969 1078 2086 1121 vos
2131 1078 2334 1141 usque

319 1166 395 1209 eo
457 1145 703 1210 inimici
766 1147 953 1229 estis,
1014 1150 1089 1209 ut
1154 1146 1352 1209 etiam
1410 1143 1556 1209 Kal.
1609 1144 1859 1209 omnis
1880 1143 2172 1225 oderitis,
2234 1144 2332 1209 ita
2360 1163 2414 1202 ιο

318 1233 731 1299 vehementer
800 1235 881 1298 ad
944 1237 1139 1318 caput
1202 1232 1516 1318 adfigent,
1580 1235 1656 1296 ut
1718 1235 1948 1331 postea
2008 1232 2332 1297 neminem

320 1321 523 1385 alium
565 1321 694 1385 nisi
737 1321 1035 1386 fortunas
1081 1325 1335 1386 vestras
1382 1341 1682 1385 accusare
1726 1319 2013 1404 possitis.

214 1380 296 1505 {3¹
452 1407 620 1483 Quid
646 1407 808 1472 mihi
836 1410 919 1473 ad
955 1407 1419 1473 defendendum
1458 1407 1711 1489 dedisti,
1745 1407 1913 1471 bone
1951 1408 2333 1471 accusator?

320 1496 473 1580 quid
499 1495 677 1560 hisce
714 1500 934 1560 autem
970 1496 1051 1559 ad
1089 1495 1591 1579 suspicandum?
1658 1491 1746 1558 ‘N
1747 1515 1784 1558 e
1819 1494 2332 1578 exheredaretur,

319 1582 563 1647 veritus
610 1582 755 1647 est?
835 1583 1068 1665 Audio,
1114 1584 1227 1647 sed
1264 1605 1393 1666 qua
1430 1584 1507 1646 de
1543 1603 1739 1647 eausa
1773 1582 1979 1646 vereri
2021 1582 2332 1666 debuerit,
2362 1600 2412 1641 ιε»

318 1692 510 1735 nemo
567 1670 737 1735 dicit.
822 1669 1156 1735 ‘Habebat
1204 1674 1394 1755 pater
1437 1670 1508 1733 in
1551 1669 1811 1734 animo?
1891 1669 2167 1734 Planum
2211 1669 2332 1735 fac.

319 1757 504 1823 Nihil
569 1762 694 1843 est3
754 1780 916 1843 non,
972 1759 1240 1842 quicum-
1285 1758 1685 1840 deliberarit,
1749 1778 1941 1841 quem
1995 1757 2334 1822 certiorem

318 1846 571 1930 fecerit,
615 1847 784 1911 unde
819 1847 995 1911 istud
1030 1846 1218 1911 vobis
1264 1846 1580 1930 suspicari
1623 1846 1692 1908 in
1738 1850 2020 1910 mentem
2067 1845 2335 1910 venerit.

321 1932 486 1999 Cum
520 1934 645 1999 hoc
681 1934 873 2000 modo
912 1955 1193 2018 accusas,
1226 1933 1440 2017 Eruci,
1460 1954 1693 1997 nonne
1730 1933 1853 1997 hoc
1887 1934 2106 2017 palam
2145 1933 2331 1998 dicis:

323 2023 488 2109 Ego
528 2024 681 2108 quid
728 2024 1108 2108 acceperim,
1154 2024 1315 2105 scio,
1362 2021 1517 2105 quid
1563 2022 1799 2106 dicam,
1842 2022 2085 2121 nescio;
2131 2043 2332 2086 unum
2359 2041 2416 2080 ιο

318 2112 485 2176 illud
520 2113 827 2196 spectavi,
873 2112 1044 2195 quod
1082 2110 1546 2195 Chrysogonus
1584 2110 1819 2191 aiebat,
1859 2108 2183 2173 neminem
2219 2109 2334 2173 isti

320 2203 669 2284 patronum
730 2198 1049 2282 futurum3
1112 2197 1190 2262 de
1242 2198 1562 2263 bonorum
1617 2197 1944 2282 emptione
1998 2196 2200 2280 deque
2256 2219 2335 2261 ea

322 2287 632 2352 societate
694 2286 1019 2349 neminem
1083 2306 1223 2350 esse
1289 2285 1401 2369 qui
1463 2285 1732 2351 verbum
1793 2285 2004 2349 facere
2068 2284 2335 2350 auderet

320 2375 445 2437 hoc
484 2372 845 2456 tempore’?
895 2371 1074 2438 Haec
1110 2376 1176 2437 te
1214 2373 1433 2457 opinio
1468 2372 1641 2437 falsa
1682 2373 1753 2436 in
1795 2373 1994 2437 istam
2038 2372 2333 2437 fraudem

321 2459 610 2544 impulit3
645 2481 775 2524 non
803 2460 1200 2526 mehercules
1234 2461 1505 2526 verbum
1540 2460 1837 2542 fecisses,
1859 2460 1915 2524 si
1951 2460 2076 2524 tibi
2113 2482 2333 2541 quem·
2362 2478 2416 2519 25

219 2647 286 2696 59
323 2568 1049 2722 quagpggggosssselzilunm
1067 2553 1390 2720 pelrpgtsfegi
1444 2636 2019 2718 animadvertistis,
2074 2636 2334 2717 iudices,

320 2725 803 2810 neglegentiam
867 2725 1003 2790 eius
1057 2725 1129 2788 in
1182 2724 1539 2790 accusando
1594 2724 2016 2788 considerare.
2107 2721 2335 2804 Credo,

322 2834 464 2878 cum
503 2812 791 2896 vidisset,
837 2813 947 2897 qui
983 2813 1336 2891 homines
1316 2835 1388 2876 m
1420 2812 1627 2876 hisce
1645 2811 1972 2876 subselliis
2019 2811 2335 2893 sederent,

323 2900 677 2986 quaesisse,
730 2922 916 2966 num
940 2901 1054 2965 ille
1109 2904 1223 2966 aut
1272 2900 1386 2964 ille
1432 2899 1806 2963 defensurus
1850 2903 2049 2981 esset3
2104 2899 2183 2962 de
2231 2921 2334 2962 me
2363 2916 2418 2956 ao

319 3011 400 3054 ne
438 2990 837 3074 suspicatum
876 2988 1133 3072 quidem
1169 3010 1330 3072 esse,
1375 2987 1546 3071 quod
1582 2990 1775 3052 antea
1819 3007 2081 3051 causam
2125 2986 2336 3071 publi·

322 3099 462 3142 cam
523 3077 775 3141 nullam
837 3076 1125 3141 dixerim.
1223 3075 1658 3159 Posteaquam
1709 3074 1958 3140 invenit
2010 3074 2337 3138 neminem

322 3186 560 3248 eorum,
609 3165 719 3248 qui
763 3168 1040 3249 possunt
1084 3167 1151 3228 et
1198 3164 1430 3246 solent,
1472 3164 1568 3227 ita
1611 3164 1963 3249 neglegens
2012 3183 2152 3227 esse
2198 3182 2336 3226 coe-

320 3254 446 3337 pit,
498 3256 599 3336 ut,
656 3273 801 3317 cum
854 3253 925 3316 in
969 3255 1252 3316 mentem
1298 3251 1549 3317 veniret
1594 3250 1680 3334 ei,
1724 3250 2062 3333 resideret,
2108 3248 2337 3314 deinde

298 3341 743 3425 spatiaretur,
813 3358 946 3405 ιιοιι
1015 3360 1370 3423 numquam
1442 3339 1640 3402 etiam
1711 3359 1983 3422 puerum
2054 3340 2338 3420 vocaret,
2366 3353 2423 3395 ⁸⁵

322 3427 537 3511 credo,
600 3429 703 3493 cui
757 3449 979 3493 cenam
1033 3429 1410 3512 imperaret,
1464 3446 1730 3511 prorsus
1784 3430 1859 3490 ut
1911 3429 2132 3492 vestro
2186 3444 2338 3490 con-

323 3534 506 3579 sessu
532 3519 600 3579 et
624 3515 748 3580 hoc
777 3519 1098 3581 conventu
1123 3536 1243 3599 pro
1273 3535 1526 3580 summa
1559 3514 1904 3579 solitudine
1941 3514 2339 3578 abuteretur.
