2566 4016
171 484 251 545 11

163 861 239 909 30

167 1910 241 1959 31

171 2614 243 2662 32

271 167 359 230 42
607 165 749 220 PRO
789 163 941 218 SEX.
979 163 1245 220 ROSCIO
1282 162 1620 218 AMERINO
1659 162 1947 218 ORATIO.

272 311 428 462 {pgid
465 332 610 384 cum
651 312 1153 461 ‹iupezenssdnon
1187 311 1541 458 potuerunt
1579 308 1882 390 occidere,
1929 329 2078 372 eum
2114 308 2299 395 iugu-

302 421 386 463 an
430 420 538 462 um
583 419 663 461 vo
711 418 767 460 1s
845 418 919 461 ra
1032 417 1236 460 erun.

408 485 575 561 Quid
626 484 910 569 primum
966 505 1200 567 querar
1254 487 1368 548 aut
1421 483 1589 548 unde
1635 483 2075 568 potissimum,
2137 484 2298 551 iudi-

276 596 407 657 ceS,
467 573 685 637 ordiar
740 576 853 637 aut
910 572 1081 655 quod
1136 575 1249 636 aut
1306 594 1346 635 a
1393 571 1625 654 quibus
1673 571 1987 635 auxilium
2032 575 2295 655 petam?

275 663 623 727 deorumne
667 660 1165 743 immortalium,
1209 659 1519 743 populine
1564 659 1862 742 Romani,
1908 664 2297 746 vestramne,
2327 689 2353 730 5

276 750 388 834 qui
442 770 761 814 summam
815 751 1213 832 potestatem
1256 747 1515 812 habetis
1561 747 1686 812 hoc
1730 752 2048 832 tempore,
2104 749 2296 814 fidem

276 837 665 922 implorem?
756 835 953 900 Pater
998 836 1244 900 occisus
1291 834 1562 919 nefarie,
1623 836 1852 900 domus
1899 836 2167 901 obsessa
2213 838 2295 902 ab

277 924 573 1006 inimicis,
619 925 792 988 bona
829 924 1149 1007 adempta,
1194 944 1513 1007 possessa,
1560 922 1831 1007 direpta,
1876 923 1997 988 filii
2031 924 2169 989 vita
2203 926 2298 989 in·

276 1014 475 1096 festa,
540 1033 731 1095 saepe
789 1011 963 1076 ferro
1024 1015 1218 1093 atque
1272 1011 1526 1075 insidiis
1583 1011 1891 1094 adpetita.
1990 1010 2157 1085 Quid
2212 1014 2294 1077 ab

276 1101 379 1164 his
412 1104 514 1165 tot
551 1099 885 1164 maleficiis
923 1099 1184 1164 sceleris
1222 1099 1451 1163 abesse
1485 1098 1786 1163 videtur?
1853 1098 2096 1163 Tamen
2132 1098 2293 1165 haec
2326 1130 2380 1169 ιο

278 1189 425 1253 aliis
470 1187 738 1252 nefariis
784 1188 1119 1254 cumulant
1166 1191 1361 1270 atque
1409 1187 1760 1272 adaugent,
1807 1188 2048 1251 crimen
2091 1187 2292 1252 incre-

279 1276 477 1341 dibile
506 1276 903 1361 confingunt,
940 1279 1142 1339 testes
1170 1274 1240 1339 in
1275 1275 1447 1339 hunc
1484 1278 1550 1339 et
1587 1279 1994 1340 accusatores
2029 1275 2296 1341 huiusce

276 1364 549 1447 pecunia
603 1367 1007 1446 comparant3
1064 1363 1231 1427 hanc
1292 1361 1732 1428 condicionem
1777 1364 2014 1427 misero
2062 1363 2296 1447 ferunt,

276 1456 351 1516 ut
397 1453 609 1536 optet,
652 1454 871 1515 utrum
918 1451 1106 1514 malit
1150 1450 1427 1515 cervices
1462 1452 1549 1530 .T·
1595 1450 1831 1515 Roscio
1877 1450 2031 1515 dare
2078 1473 2162 1515 an
2203 1451 2297 1514 in-

278 1543 463 1603 sutus
500 1539 570 1603 in
605 1538 885 1603 culleum
920 1559 1037 1622 per
1074 1560 1398 1602 summum
1431 1537 1700 1603 dedecus
1736 1538 1941 1602 vitam
1979 1539 2296 1604 amittere.
2326 1567 2377 1608 15

278 1627 598 1692 Patronos
634 1626 787 1691 huic
824 1626 1155 1690 defuturos
1192 1629 1614 1709 putaverunt3
1651 1627 1906 1710 desunt3
1945 1628 2057 1710 qui
2093 1628 2296 1692 libere

281 1715 479 1798 dicat,
536 1714 646 1798 qui
700 1736 847 1779 cum
899 1713 1025 1777 fide
1079 1713 1408 1797 defendat,
1465 1714 1533 1777 id
1588 1714 1760 1798 quod
1812 1715 1880 1778 in
1933 1715 2056 1779 hac
2102 1736 2295 1780 causa
2367 1739 2395 1750 ·

280 1804 440 1868 satis
498 1806 623 1885 est,
689 1802 1022 1885 [quoniam
1079 1802 1338 1885 quidem
1393 1802 1670 1885 suscepi]
1730 1824 1863 1867 non
1916 1802 2096 1867 deest
2153 1823 2295 1886 pro·

279 1892 467 1975 fecto,
508 1890 767 1955 iudices.
839 1888 928 1953 Et
963 1890 1241 1954 forsitan
1276 1890 1348 1954 in
1384 1889 1788 1973 suscipienda
1823 1911 2018 1954 causa
2053 1894 2297 1955 temere

277 1980 594 2064 impulsus
642 1978 1079 2044 adulescentia
1122 1978 1412 2061 fecerim3
1459 1978 1763 2062 quoniam
1800 1978 2055 2061 quidem
2095 1979 2295 2043 semel
2326 2008 2379 2049 20

281 2068 552 2152 suscepi,
596 2067 749 2132 licet
792 2067 1085 2131 hercules
1123 2067 1403 2150 undique
1442 2088 1662 2131 omnes
1700 2066 2056 2130 inmineant
2094 2070 2294 2131 terro-

279 2178 383 2221 res
433 2155 845 2239 periculaque
890 2153 1308 2237 impendeant
1355 2155 1600 2237 omnia,
1670 2176 2037 2220 succurram
2102 2158 2296 2238 atque

281 2243 533 2309 subibo.
622 2240 889 2307 Certum
936 2244 1035 2304 est
1082 2241 1653 2327 deliberatumque,
1700 2264 1862 2325 quae
1909 2242 1991 2306 ad
2035 2264 2299 2308 causam

279 2330 604 2414 pertinere
668 2328 979 2412 arbitror,
1045 2329 1262 2393 omnia
1319 2351 1453 2395 non
1514 2330 1706 2394 modo
1774 2330 2009 2413 dicere,
2073 2353 2298 2395 verum

281 2416 479 2481 etiam
533 2415 860 2499 libenter,
903 2416 1207 2481 audacter
1261 2418 1588 2501 libereque
1649 2417 1884 2500 dicere3
1947 2419 2131 2482 nulla
2195 2440 2297 2482 res
2327 2446 2379 2488 25

279 2508 468 2570 tanta
522 2504 830 2587 exsistet,
868 2504 1139 2588 iudiceS,
1175 2510 1267 2570 ut
1320 2507 1531 2590 possit
1585 2506 1716 2569 vim
1770 2505 1933 2569 mihi
1987 2507 2299 2571 maiorem

282 2593 587 2659 adhibere
641 2597 852 2657 metus
910 2615 1105 2677 quam
1149 2592 1327 2658 fides.
1415 2594 1677 2658 Etenim
1725 2594 1869 2676 quis
1913 2597 2052 2658 tam
2098 2595 2300 2659 disso-

278 2683 420 2746 luto
460 2681 676 2746 animo
716 2685 833 2764 est,
879 2681 989 2765 qui
1034 2682 1194 2746 haec
1237 2703 1385 2746 cum
1431 2680 1666 2765 videat,
1710 2685 1925 2746 tacere
1967 2703 2041 2747 ac
2085 2683 2301 2767 negle-

280 2791 432 2856 gere
500 2769 752 2853 possit‘?
860 2769 1124 2833 Patrem
1186 2791 1429 2854 meum,
1492 2790 1637 2833 cum
1700 2770 2105 2854 proscriptus
2146 2780 2300 2835 'non

280 2861 477 2938 esset,
530 2857 907 2943 iugulastiS,
960 2857 1243 2921 occisum
1288 2858 1356 2921 in
1401 2858 1914 2942 proscriptorum
1960 2880 2300 2922 numerum
2330 2886 2383 2926 80

280 2945 658 3029 rettulistis,
718 2967 821 3009 me
879 2945 1071 3010 domo
1118 2967 1263 3009 mea
1320 2965 1437 3029 per
1491 2945 1624 3009 vim
1680 2945 2046 3029 expulistis,
2101 2946 2302 3030 patri·

280 3034 570 3099 monium
652 3055 867 3098 meum
945 3033 1312 3117 possidetis,
1438 3030 1605 3107 Quid
1686 3033 1887 3098 vultis
1976 3034 2303 3117 amplius?

279 3122 561 3187 etiamne
618 3122 700 3187 ad
754 3121 1067 3185 subsellia
1122 3143 1267 3186 cum
1322 3119 1496 3184 ferro
1554 3124 1749 3203 atque
1803 3121 1954 3185 telis
2013 3122 2305 3205 venistis,

179 3257 261 3318 12
279 3213 354 3274 ut
398 3210 505 3275 hic
551 3213 665 3275 aut
708 3209 1018 3295 iuguletis
1067 3212 1180 3273 aut
1227 3208 1663 3273 condemnetis
1711 3206 1852 3272 Sex.
1892 3209 2246 3274 Roscium?

175 3334 242 3382 33

412 3295 762 3363 Hominem
802 3297 999 3381 longe
1047 3296 1547 3361 audacissimum
1591 3317 1798 3380 nuper
1843 3297 2188 3362 habuimus
2235 3298 2307 3361 in
2337 3324 2389 3365 35

282 3383 546 3448 civitate
603 3382 671 3449 C.
725 3384 1086 3449 Fimbriam
1142 3388 1232 3468 et,
1290 3385 1463 3470 quod
1519 3384 1691 3448 inter
1745 3406 1969 3450 omnes
2026 3388 2307 3469 constat,

278 3471 410 3536 nisi
435 3471 606 3536 inter
643 3494 771 3551 eos,
801 3473 922 3556 -qui
956 3473 1085 3557 ipsi
1123 3494 1377 3556 quoque
1414 3472 1765 3557 insaniunt,
1801 3473 2308 3538 insanissimum.
