2566 4016
704 253 840 308 LIB.
878 254 930 307 ΙΙ
984 252 1136 308 CAP.
1177 259 1389 308 31—34
1427 260 1457 319 ς
1498 260 1721 310 ἰτ-83.
2003 295 2013 304 ,
2097 256 2227 322 229

226 398 523 480 defendit,
570 396 682 480 qui
719 397 1019 462 omnibus
1058 397 1193 461 eius
1231 396 1519 462 consiliis
1557 397 1877 481 rebusque
1913 398 2228 484 interfuit,

224 487 288 564 Q.
337 485 688 566 Minucius,
748 485 999 549 iuratus
1063 484 1220 550 dicit
1272 485 1613 569 pecuniam
1668 485 1915 569 datam,
1976 486 2228 551 iuratus

224 576 371 641 dicit
414 572 892 638 Timarchidem
931 573 1168 637 dixisse
1205 573 1515 637 maiorem
1553 574 1891 657 pecuniam
1929 574 2011 638 ab
2049 596 2230 639 aceu-

224 661 545 728 satoribus
593 661 760 742 dari3
807 660 1018 725 dicent
1063 660 1187 724 hoc
1232 660 1426 724 multi
1473 657 1699 745 Siculi,
1746 661 1960 725 dicent
2005 682 2228 727 omnes

174 768 198 809 ⁶
224 750 668 833 Halicyenses,
734 747 902 812 dicet
965 748 1164 812 etiam
1216 751 1664 832 praetextatus
1719 745 1981 832 Sopatri
2035 749 2228 833 filius,

224 839 330 922 qui
367 837 449 902 ab
487 837 616 901 isto
663 835 926 900 homine
972 835 1419 900 crudelissimo
1466 840 1652 920 patre
1697 836 2226 902 innocentissimo

221 925 613 1012 pecuniaque
650 923 868 1008 patria
903 923 1199 1007 privatus
1245 927 1365 987 est.
1437 922 1683 988 Verum
1731 924 1787 988 si
1834 924 1911 988 de
1955 926 2228 1008 pecunia
2264 939 2331 988 81

219 1013 492 1079 testibus
520 1012 788 1097 planum
815 1010 1027 1076 facere
1054 1031 1186 1075 non
1212 1031 1492 1095 possem,
1526 1011 1690 1075 illud
1726 1032 1965 1095 negare
2001 1034 2227 1097 posses

222 1106 329 1167 aut
383 1121 554 1165 nunc
608 1098 910 1184 negabis,
963 1102 1030 1162 te
1084 1099 1357 1163 consilio
1413 1103 1528 1163 tuo
1586 1099 1853 1163 dimisso
1901 1100 2054 1164 viris
2102 1101 2228 1184 pri·

150 1208 196 1247 10
222 1189 440 1254 mariis
450 1238 468 1270 ‚
534 1187 645 1271 qui
708 1188 776 1250 in
835 1185 1106 1251 consilio
1162 1184 1230 1251 G.
1278 1185 1614 1251 Sacerdoti
1665 1186 1924 1252 fuerant
1977 1187 2229 1270 tibique

222 1299 358 1341 esse
388 1274 706 1358 solebant,
732 1274 1001 1339 remotis
1034 1274 1111 1338 de
1138 1295 1208 1338 re
1244 1273 1530 1339 iudicata
1562 1274 1990 1339 iudicavisse?
2035 1279 2228 1359 teque

223 1386 394 1447 eum,
459 1384 649 1446 quem
703 1360 772 1427 C.
818 1359 1130 1428 Sacerdos
1194 1360 1488 1426 adhibito
1553 1362 1823 1428 consilio
1880 1384 2074 1428 causa
2129 1385 2229 1429 co·

223 1452 405 1538 gnita
460 1450 877 1533 absolvisset,
932 1449 1202 1514 eundem
1256 1453 1509 1515 remoto
1565 1450 1836 1515 consilio
1892 1472 2088 1515 causa
2136 1451 2228 1515 in-

222 1540 481 1626 cognita
518 1536 1022 1604 condemnasse?
1094 1535 1258 1602 Cum
1296 1537 1456 1602 haec
1497 1537 1827 1603 confessus
1875 1538 2020 1622 eris,
2066 1561 2229 1623 quae

145 1645 194 1685 ιε
221 1628 286 1692 in
338 1627 482 1692 foro
539 1626 759 1711 palam
806 1624 1141 1709 Syracusis
1197 1625 1267 1689 in
1323 1647 1432 1690 ore
1480 1629 1674 1709 atque
1719 1626 1789 1690 in
1834 1627 2037 1691 oculis
2084 1649 2229 1711 pro·

221 1715 464 1780 vinciae
503 1717 693 1800 gesta
730 1717 907 1796 sunt,
953 1717 1192 1799 negato
1239 1716 1381 1777 tum
1428 1734 1610 1795 sane,
1656 1713 1713 1777 si
1756 1715 1936 1778 voles
1948 1764 1966 1796 ‚
2010 1718 2078 1778 te
2123 1736 2228 1798 pe·

221 1802 474 1867 cuniam
521 1800 869 1885 accepisse3
914 1801 1194 1885 reperies
1203 1850 1221 1884 ,
1266 1800 1485 1882 credo,
1539 1799 1847 1884 aliquem,
1892 1801 2030 1884 qui,
2084 1823 2230 1866 cum

219 1889 403 1972 haee,
459 1910 622 1971 quae
675 1889 896 1972 palam
951 1891 1139 1973 gesta
1193 1890 1371 1970 sunt,
1425 1887 1669 1970 videat,
1725 1891 2021 1971 quaerat,
2076 1888 2231 1972 quid

221 1980 294 2042 tu
340 1976 587 2042 occulte
634 1976 842 2062 egeris
853 2028 871 2061 ,
922 1979 1036 2041 aut
1080 1975 1191 2059 qui
1237 1974 1518 2057 dubitet,
1569 1978 1788 2040 utrum
1833 1975 2023 2040 malit
2069 1975 2229 2041 meis

141 2083 196 2123 20
221 2066 499 2130 testibus
547 2086 633 2129 an
676 2065 808 2129 tuis
856 2063 1302 2130 defensoribus
1349 2063 1621 2128 credere.

349 2153 504 2217 Dixi
554 2154 687 2217 iam
734 2156 885 2217 ante
930 2174 1031 2217 me
1076 2172 1208 2215 non
1250 2151 1467 2215 omnia
1511 2150 1729 2232 istius„
1784 2172 1947 2235 quae
1991 2151 2061 2214 in
2105 2152 2228 2218 hoc
2265 2165 2333 2214 82

219 2262 453 2326 genere
497 2244 731 2322 essent,
775 2243 1319 2322 enumeraturum,
1364 2239 1476 2302 sed
1521 2240 1876 2303 electurum
1924 2260 2016 2321 ea,
2064 2261 2227 2323 quae

219 2328 499 2392 maxime
543 2327 943 2392 excellerent.
1015 2326 1310 2411 Accipite
1355 2348 1526 2392 nunc
1572 2327 1748 2391 aliud
1795 2327 1931 2391 eius
1976 2326 2226 2392 facinus
2250 2335 2336 2399 34

216 2415 440 2479 nobile
495 2418 561 2480 et
614 2416 839 2481 multis
894 2415 1055 2480 locis
1112 2436 1303 2498 saepe
1359 2418 1934 2480 commemoratum
1981 2420 2046 2479 et
2092 2416 2228 2481 eius

135 2520 189 2560 2⁵
218 2503 424 2587 modi,
487 2506 560 2568 ut
621 2505 692 2568 in
753 2523 881 2567 uno
948 2502 1166 2567 omnia
1230 2502 1550 2567 maleficia
1606 2503 1816 2567 inesse
1870 2503 2230 2570 videantur.

217 2590 558 2656 Attendite
597 2592 970 2676 diligenter3
1015 2589 1358 2654 invenietis
1397 2589 1568 2654 enim
1604 2590 1671 2653 id
1705 2590 1955 2655 facinus
2000 2595 2230 2655 natum

217 2701 258 2742 a
318 2678 695 2761 cupiditate,
760 2681 1022 2742 auctum
1084 2699 1201 2762 per
1265 2680 1590 2761 stuprum,
1653 2678 2033 2742 crudelitate
2087 2700 2230 2761 per-

214 2763 463 2827 fectum
505 2769 699 2846 atque
737 2766 1126 2830 conclusum.
1210 2763 1515 2829 Sthenius
1564 2768 1689 2848 est,
1733 2765 1839 2830 hic
1885 2766 1996 2848 qui
2041 2764 2229 2827 nobis
2267 2778 2335 2827 83

217 2848 501 2931 adsidet,
554 2849 1037 2935 Thermitanus,
1084 2855 1276 2917 antea
1321 2852 1545 2915 multis
1596 2856 1864 2936 propter
1910 2873 2229 2915 summam

128 2958 185 2998 so
216 2939 531 3003 virtutem
571 2958 1017 3022 summamque
1052 2940 1483 3023 nobilitatem,
1525 2960 1696 3004 nunc
1732 2944 1998 3023 propter
2046 2960 2229 3002 suam

215 3025 665 3092 calamitatem
722 3029 916 3109 atque
969 3026 1160 3091 istius
1210 3027 1534 3111 insignem
1579 3026 1883 3091 iniuriam
1930 3026 2229 3092 omnibus

212 3117 430 3179 notus,
511 3111 723 3177 Huius
759 3113 1046 3197 hospitio
1074 3113 1313 3179 Verres
1360 3136 1505 3179 cum
1553 3117 1724 3178 esset
1771 3134 1925 3178 usus
1973 3117 2038 3177 et
2085 3134 2229 3177 cum

212 3202 390 3287 apud
428 3223 573 3266 eum
613 3203 771 3282 [non
808 3201 1045 3281 solum]
1085 3201 1382 3265 Thermis
1431 3223 1623 3286 saepe
1667 3221 1934 3266 numero
1979 3199 2231 3283 fuisset,

213 3290 361 3370 [sed
434 3290 633 3354 etiam
705 3288 1121 3372 habitasset,]
1198 3289 1416 3353 omnia
1479 3289 1670 3355 domo
1736 3289 1871 3353 eius
1938 3288 2232 3371 abstulit,

121 3393 179 3433 3⁵
212 3399 385 3460 quae
402 3378 600 3463 paulo
631 3377 843 3462 magis
872 3376 1159 3442 animum
1188 3376 1545 3460 cuiuspiam
1575 3381 1687 3442 aut
1717 3376 1937 3441 oculos
1965 3380 2234 3462 possent

211 3485 643 3531 commovere.
733 3465 997 3532 Etenim
1046 3461 1351 3529 Sthenius
1408 3465 1491 3529 ab
1549 3465 1986 3531 adulescentia
2035 3465 2231 3550 paulo

211 3552 572 3618 studiosius
610 3554 779 3621 hanc
817 3555 1232 3638 compararat
1274 3554 1745 3638 supellectilem
1793 3577 1870 3620 ex
1917 3576 2061 3620 aere
2111 3553 2234 3617 ele·
