2566 4016
360 211 495 274 412
963 207 1042 262 IN
1079 207 1138 264 C.
1166 205 1477 262 VERREM
1510 204 1668 262 ACT.
1706 207 1775 262 11.

256 327 360 453 15113
495 353 791 419 Audistis
829 346 1239 418 Theodorum
1287 354 1354 417 et
1388 340 1785 416 Numenium
1830 355 1897 416 et
1942 349 2392 433 Nicasionem,

363 444 621 528 legatos
657 440 1067 523 Hennenses,
1112 439 1371 525 publice
1418 440 1626 504 dicere
1673 460 1814 504 sese
1860 461 1901 504 a
1946 439 2080 503 suis
2127 439 2394 505 civibus

362 531 523 597 11666
576 530 815 596 habere
870 492 1204 614 mandata,
1256 532 1334 593 ut
1384 528 1466 592 ad
1500 520 1772 593 Verrem
1818 526 2073 608 adirent
2119 530 2187 592 et
2236 549 2393 593 eum

364 612 784 684 simulacrum
820 616 1071 683 Cereris
1117 621 1185 681 et
1185 579 1548 681 Victoriae
1584 619 2024 700 reposcerent3
2069 615 2139 680 id
2183 616 2249 680 si
2291 617 2394 682 in-

362 709 758 792 petrassent,
810 709 953 769 tum
997 709 1073 770 ut
1115 722 1364 770 morem
1410 707 1695 771 veterem
1740 664 2188 768 Hennensium
2238 726 2393 770 con·
2417 725 2444 766 s

365 797 726 877 servarent,
775 792 1035 879 publice
1077 792 1149 858 in
1195 814 1370 874 eum,
1414 792 1680 857 tametsi
1722 795 2024 857 vexasset
2069 789 2396 880 Siciliam,

362 888 602 965 tamen,
638 881 944 965 66661616
973 880 1132 947 11666
1160 903 1201 945 6
1226 880 1583 945 maioribus
1618 879 1924 945 instituta
1962 846 2398 968 accepissent,

361 969 811 1034 testimonium
844 986 928 1033 6ο
964 969 1137 1053 66611
1174 968 1487 1052 dicerent3
1535 967 1639 1032 sin
1674 971 1893 1033 autem
1940 990 2017 1033 66
2060 990 2197 1033 666
2246 971 2397 1035 1611-

364 1054 659 1142 didisset,
712 1060 855 1122 tum
909 1060 984 1122 ut
1032 1057 1102 1121 in
1143 1055 1380 1121 iudicio
1428 1017 1755 1138 adessent,
1807 1060 1950 1121 tum
1994 1059 2070 1121 ut
2115 1057 2196 1120 de
2246 1059 2397 1124 eius

360 1145 613 1210 iniuriis
684 1145 926 1211 iudices
989 1145 1320 1228 docerent,
1392 1143 1504 1208 sed
1575 1144 1856 1208 maxime
1920 1145 1997 1210 de
2060 1145 2398 1232 religione
2423 1170 2461 1207 ιο

363 1237 799 1319 quererentur.
899 1233 1075 1319 Quas
1135 1233 1404 1298 illorum
1468 1231 1904 1316 querimonias
1964 1233 2201 1316 nolite,
2269 1258 2399 1320 per

361 1323 517 1387 deos
544 1322 945 1406 inmortales,
982 1321 1333 1421 aspernari,
1368 1320 1574 1387 nolite
1602 1324 2013 1395 contemnere
2050 1343 2127 1386 66
2159 1325 2396 1410 negle-

364 1431 543 1494 gere,
592 1409 862 1473 iudices!
943 1409 1251 1493 Aguntur
1294 1408 1566 1472 iniuriae
1613 1409 1963 1492 sociorum,
2011 1409 2239 1494 agitur
2287 1413 2394 1477 vis

361 1499 601 1581 legum,
638 1496 859 1596 agitur
893 1496 1290 1561 existimatio
1327 1496 1700 1579 veritasque
1733 1496 2133 1562 iudiciorum.
2202 1497 2395 1574 Quae

261 1617 270 1636 =
361 1588 516 1648 sunt
570 1583 789 1648 omnia
833 1604 1219 1669 permagna,
1270 1603 1498 1648 verum
1541 1584 1709 1649 illud
1753 1585 2132 1650 maximum:
2189 1590 2395 1653 tanta
2420 1607 2459 1647 11

358 1671 676 1758 religione
705 1670 1026 1737 obstricta
1061 1675 1209 1736 tota
1241 1670 1578 1772 provincia
1615 1675 1734 1755 est,
1769 1676 1958 1737 tanta
1994 1676 2393 1756 superstitio

360 1783 439 1826 61
491 1759 692 1825 istius
737 1758 912 1825 facto
968 1763 1218 1825 mentes
1275 1759 1563 1824 omnium
1610 1757 1972 1825 Siculorum
2019 1764 2395 1848 occupavit,

359 1852 460 1935 ut,
515 1866 955 1934 quaecumque
1010 1847 1306 1935 accidant
1330 1847 1610 1935 publice
1653 1848 2092 1933 privatimque
2137 1850 2394 1916 incom-

324 1938 581 2023 166116,
651 1940 921 2024 propter
992 1957 1136 2001 eam
1208 1956 1472 2001 6666661
1545 1937 1805 2001 66616116
1869 1937 2058 2001 istius
2123 1941 2395 2006 evenire

258 2037 361 2087 114
394 2027 753 2091 videantur.
825 2025 1123 2091 Audistis
1170 2019 1646 2108 Centuripinos,
1697 2024 2156 2111 Agyrinenses,
2206 2027 2393 2093 Cati-
2415 2048 2456 2088 a·

359 2135 621 2199 nenses,
691 2113 1081 2197 Aetnenses,
1151 2112 1580 2178 Herbitenses
1652 2114 2143 2215 compluresque
2214 2117 2392 2182 alios

359 2203 620 2303 publice
666 2202 892 2284 dicere,
939 2222 1103 2284 quae
1149 2201 1434 2266 solitudo
1482 2204 1653 2265 esset
1697 2201 1768 2265 16
1811 2201 2008 2287 68116,
2052 2224 2225 2287 6666
2274 2228 2393 2270 var

363 2290 582 2372 stitas,
638 2310 802 2373 quae
846 2287 1007 2372 fuga
1052 2292 1412 2373 aratorum,
1465 2310 1663 2372 quam
1709 2289 1989 2373 deserta,
2040 2312 2247 2374 quam
2292 2294 2393 2358 in·

360 2379 564 2459 culta,
613 2397 816 2477 quam
865 2376 1094 2440 relicta
1140 2378 1375 2441 omnia.
1455 2376 1557 2441 Ea
1601 2377 1867 2443 tametsi
1910 2379 2137 2442 multis
2183 2380 2394 2446 istius

362 2467 429 2528 et
464 2464 664 2528 variis
699 2463 954 2527 iniuriis
991 2463 1382 2549 acciderunt,
1422 2468 1646 2529 tamen
1690 2465 1850 2530 11666
1892 2487 2023 2531 666
2065 2488 2274 2534 66666
2318 2471 2394 2534 in
2419 2485 2461 2528 ι

363 2551 663 2635 opinione
702 2549 1063 2617 Siculorum
1108 2552 1465 2637 plurimum
1508 2553 1703 2638 valet,
1750 2553 1947 2639 66611
1968 2553 2200 2620 Cerere
2250 2557 2395 2623 vio·

361 2641 502 2705 lata
555 2640 766 2705 omnis
822 2641 1035 2705 cultus
1089 2640 1467 2724 fructusque
1514 2639 1764 2707 Cereris
1817 2641 1888 2705 in
1939 2642 2021 2707 iis
2075 2644 2244 2709 locis
2292 2646 2396 2710 in-

359 2728 594 2794 terisse
622 2728 1041 2794 arbitrantur.
1112 2727 1463 2793 Medemini
1496 2728 1798 2830 religioni
1832 2730 2173 2818 sociorum,
2215 2732 2393 2798 iudi-

362 2839 494 2901 ces,
558 2821 935 2884 conservate
993 2819 1299 2883 vestram.
1389 2815 1615 2900 Neque
1670 2818 1841 2882 enim
1894 2817 2055 2884 haec
2111 2823 2394 2887 externa

360 2906 550 2971 vobis
596 2910 697 2970 est
740 2905 974 2990 religio
1021 2925 1229 2994 neque
1280 2904 1512 2969 611666.
1593 2902 1837 3006 Quodsi
1883 2910 2080 2990 esset,
2137 2907 2196 2971 si
2247 2931 2392 2975 sus-
2415 2925 2461 2968 ιι

362 2994 575 3078 cipere
612 3013 756 3059 eam
790 2988 1073 3076 nolletis,
1108 2996 1332 3057 tamen
1366 2993 1436 3057 in
1476 3014 1572 3076 eo,
1610 2993 1721 3095 qui
1756 2957 2087 3077 violasset,
2124 2997 2393 3064 sancire

258 3092 361 3143 116
398 3103 516 3147 vos
556 3082 727 3147 velle
763 3084 1112 3182 oporteret.
1192 3079 1383 3145 Nune
1417 3102 1571 3147 vero
1607 3082 1678 3145 in
1713 3083 2039 3147 communi
2085 3086 2393 3152 omnium

363 3170 657 3256 gentium
686 3168 1057 3255 religione
1037 3190 1234 3252 mque
1268 3168 1353 3233 116
1391 3168 1611 3251 666116,
1648 3190 1812 3253 6666
1848 3170 2130 3235 16616166
2165 3175 2395 3240 nostri

360 3258 444 3320 ab
468 3257 706 3321 exteris
738 3256 1114 3322 nationibus
1151 3256 1402 3321 adscita
1438 3259 1632 3341 atque
1670 3258 1983 3323 arcessita
2017 3260 2393 3347 coluerunt,

359 3362 524 3425 quae
589 3363 800 3428 sacra,
860 3348 938 3409 ut
996 3347 1183 3408 erant
1235 3363 1309 3409 re
1361 3365 1543 3428 vera,
1607 3344 1699 3411 sic
1753 3347 2073 3431 appellari
2128 3346 2455 3416 amm·

357 3428 731 3524 voluerunt,
780 3432 1205 3520 neglegentes
1262 3453 1338 3496 ac
1381 3431 1685 3497 dissoluti
1730 3433 1790 3497 61
1834 3434 2169 3518 cupiamus
2220 3458 2391 3523 6666,

360 3511 471 3589 qui
514 3519 906 3592 possumus?
