2566 4016
722 241 857 297 ΜΒ.
894 242 947 297 V
1002 243 1153 298 CAP.
1191 250 1276 311 21,
1315 251 1383 299 22
1420 250 1452 310 ς
1489 250 1714 299 ess—57.
2076 242 2209 307 449

201 388 398 468 atque
434 384 827 450 comitatus?
899 384 1003 451 En
1046 386 1377 451 foederum
1423 387 1832 470 interpretes,
1879 386 2210 452 societatis
2248 397 2315 447 55

200 475 526 556 pactores,
596 473 936 559 religionis
1000 475 1324 538 auctores!
1424 472 1797 557 Numquam
1859 474 1928 536 in
1991 472 2211 540 Sicilia

199 553 600 625 frumentum
635 561 893 647 publice
937 565 1039 625 est
1085 566 1394 646 emptum,
1441 562 1597 645 quin
1640 561 2044 625 Mamertinis
2091 583 2210 646 pro

201 649 502 733 portione
555 649 1013 735 imperaretur,
1076 653 1426 733 antequam
1479 649 1606 714 hoc
1661 648 1979 714 delectum
2033 670 2213 733 prae·

146 754 174 794 ο
204 736 578 819 clarumque
643 737 985 802 consilium
1040 737 1167 802 iste
1223 737 1426 821 dedit,
1487 742 1564 802 ut
1618 738 1700 802 ab
1755 737 1858 801 his
1912 758 2211 801 nummos

202 824 521 908 acciperet
576 846 651 890 ac
706 826 806 890 sui
862 825 1093 890 similis
1145 829 1336 890 esset.
1425 824 1656 909 Itaque
1700 829 1969 891 tantum
2005 825 2214 890 valuit

200 912 391 977 istius
429 913 670 978 decreti
706 915 1081 996 auctoritas,
1127 918 1442 998 quantum
1481 914 1702 978 debuit
1739 914 1875 978 eius
1912 913 2215 997 hominis,

204 1001 342 1084 qui,
397 1022 436 1065 a
481 1001 716 1084 quibus
759 1002 1159 1066 frumentum
1206 1023 1418 1066 emere
1465 1002 1819 1084 debuisset,
1870 1002 1952 1065 iis
2001 1002 2215 1066 decre-

202 1092 344 1152 tum
380 1089 795 1152 vendidisset.
872 1087 1044 1153 Nam
1092 1089 1316 1153 statim
1354 1087 1424 1153 L.
1453 1089 1755 1154 Metellus
1801 1093 1876 1152 ut
1919 1089 2034 1153 isti
2077 1110 2214 1154 suc-

115 1193 176 1234 10
204 1175 427 1258 cessit,
482 1196 560 1238 ex
606 1174 675 1240 O.
715 1173 1080 1241 Sacerdotis
1116 1172 1203 1240 ‘et
1248 1198 1326 1241 ex
1372 1175 1513 1241 Sex.
1549 1176 1864 1241 Peducaei
1908 1176 2213 1241 instituto

204 1284 279 1327 ac
348 1262 586 1326 litteris
649 1261 1048 1329 frumentum
1110 1262 1518 1328 Mamertinis
1581 1264 1946 1349 imperavit.
2047 1263 2211 1328 Tum
2234 1241 2321 1306 22

203 1349 305 1413 illi
331 1350 793 1415 intellexerunt
821 1372 889 1416 se
915 1351 999 1434 id,
1036 1352 1209 1435 quod
1237 1375 1276 1417 a
1313 1353 1488 1417 malo
1526 1356 1788 1417 auctore
1825 1352 2153 1435 emissent,
2250 1319 2319 1370 ⁶⁶

205 1438 446 1502 diutius
484 1440 776 1523 optinere
810 1461 942 1504 non
986 1460 1195 1523 posse.
1271 1439 1419 1526 Age
1438 1466 1443 1471 ·
1462 1462 1676 1525 porro,
1721 1444 1813 1525 tu,
1860 1441 1970 1523 qui
2014 1444 2153 1505 tam
2184 1420 2316 1489 (22)

204 1526 583 1611 religiosum
603 1527 963 1592 existimari
984 1532 1050 1592 te
1072 1528 1343 1593 voluisti
1365 1529 1785 1613 interpretem
1809 1527 2160 1611 foederum,
2190 1494 2304 1560 (⁵⁶)

118 1632 177 1673 ιε
206 1636 319 1679 cur
347 1614 911 1680 Tauromenitanis
937 1614 1357 1700 frumentum,
1394 1639 1506 1681 cur
1535 1615 1794 1680 Netinis
1831 1616 2213 1700 imperasti?

204 1725 476 1786 quarum
530 1704 870 1769 civitatum
921 1707 1197 1789 utraque
1250 1704 1587 1769 foederata
1641 1709 1757 1767 est.
1848 1705 1946 1768 Ac
1990 1703 2216 1768 Netini

203 1791 463 1872 quidem
535 1791 659 1855 sibi
728 1814 861 1856 non
932 1791 1273 1856 defuerunt
1337 1813 1437 1874 ac,
1510 1791 1703 1854 simul
1774 1790 2217 1874 pronuntiasti

205 1877 483 1941 libenter
510 1881 576 1941 te
603 1877 1011 1943 Mamertinis
1037 1880 1387 1961 remittere,
1423 1882 1491 1941 te
1521 1878 1816 1942 adierunt
1844 1881 1909 1941 et
1946 1878 2212 1942 eandem

206 1987 391 2030 suam
447 1986 708 2031 causam
760 1965 1040 2031 foederis
1088 1987 1240 2031 esse
1275 1966 1646 2031 docuerunt.
1730 1964 1828 2029 Tu
1876 1965 2068 2031 aliter
2113 1966 2214 2031 de-

116 2073 180 2115 so
207 2075 464 2120 cernere
511 2054 733 2118 eadem
775 2053 846 2117 in
892 2076 1086 2118 causa
1129 2076 1262 2119 non
1305 2053 1606 2138 potuisti3
1660 2054 2044 2138 pronuntias
2089 2053 2215 2118 Ne-

205 2144 378 2207 tinos
440 2142 839 2206 frumentum
900 2142 1051 2205 dare
1104 2163 1236 2206 non
1292 2142 1521 2206 debere
1577 2146 1642 2206 et
1697 2142 1780 2205 ab
1835 2142 1939 2206 his
1962 2141 1970 2147 “
1993 2145 2214 2207 tamen

206 2231 431 2315 exigis
502 2228 674 2294 Cedo
714 2229 876 2293 mihi
912 2230 1195 2294 eiusdem
1232 2229 1555 2314 praetoris
1593 2229 1849 2293 litteras
1888 2232 1953 2294 et
1999 2251 2214 2293 rerum

207 2317 608 2382 decretarum
667 2321 733 2381 et
790 2317 1102 2382 frumenti
1154 2318 1475 2402 imperati.
1563 2316 1921 2382 LITTERAE
1974 2335 2215 2382 RERUM

205 2422 690 2472 DECRETARUM.
765 2404 931 2481 Quid
966 2408 1185 2492 potius
1226 2406 1297 2470 in
1340 2406 1463 2471 hac
1506 2410 1695 2471 tanta
1740 2408 1807 2471 et
1850 2409 1989 2471 tam
2034 2406 2215 2490 turpi

113 2511 178 2555 25
203 2494 642 2559 inconstantia
706 2495 1021 2578 suspicari
1083 2516 1428 2578 possumus
1439 2545 1457 2577 ,
1528 2494 1796 2577 iudices,
1870 2513 2066 2579 quam
2129 2495 2213 2577 id,

207 2582 378 2667 quod
430 2603 691 2648 necesse
747 2586 873 2665 est,
930 2589 1044 2648 aut
1096 2583 1212 2647 isti
1257 2606 1298 2647 a
1341 2581 1598 2648 Netinis
1644 2583 2012 2666 pecuniam,
2067 2605 2214 2647 cum

204 2676 524 2754 posceret,
576 2693 709 2736 non
764 2671 1009 2754 datam,
1065 2676 1179 2736 aut
1230 2671 1301 2735 id
1354 2692 1494 2735 esse
1547 2674 1790 2753 actum,
1842 2674 1919 2735 ut
1961 2669 2214 2733 intelle·

208 2761 436 2840 gerent
495 2757 869 2822 Mamertini
935 2759 1098 2823 bene
1167 2781 1237 2823 se
1306 2758 1477 2842 apud
1537 2759 1739 2821 istum
1801 2762 1943 2821 tam
2004 2756 2214 2821 multa

206 2844 417 2928 pretia
473 2866 547 2908 ac
594 2866 861 2909 munera
907 2847 1304 2927 conlocasse,
1360 2867 1506 2909 cum
1550 2845 1723 2908 idem
1769 2845 1883 2908 alii
1928 2843 2088 2907 iuris
2135 2865 2215 2908 ex

111 2952 180 2995 so
208 2932 429 2997 eadem
476 2953 671 2996 causa
715 2952 848 2995 non
893 2933 1304 2996 obtinerent?

337 3018 463 3084 Hic
499 3019 662 3084 mihi
699 3019 897 3084 etiam
939 3019 1201 3085 audebit
1246 3020 1642 3084 mentionem
1685 3018 1898 3084 facere
1934 3018 2212 3084 Mamer·
2248 3021 2314 3072 57

204 3109 381 3175 tinae
437 3107 860 3173 laudationis!
918 3109 988 3171 in
1043 3129 1170 3191 qua
1226 3130 1420 3192 quam
1477 3107 1688 3171 multa
1743 3108 1875 3172 sint
1928 3108 2212 3191 volnera,

206 3197 348 3282 quis
406 3201 506 3261 est
560 3200 875 3278 vestrum,
929 3195 1197 3278 iudiceS,
1250 3196 1408 3280 quin
1451 3196 1839 3280 intellegat?
1921 3193 2212 3260 Primum

206 3288 330 3366 [ut]
367 3286 439 3349 in
472 3284 726 3349 iudiciis
764 3285 874 3367 qui
921 3284 1138 3349 decem
1184 3283 1555 3349 laudatores
1602 3284 1754 3348 dare
1798 3305 1932 3348 non
1974 3287 2212 3367 potest,

111 3393 177 3437 ³⁶
203 3374 538 3438 honestius
576 3377 677 3437 est
713 3373 774 3436 ei
807 3370 1063 3437 nullum
1099 3372 1251 3437 dare
1291 3394 1485 3455 quam
1533 3373 1722 3437 illum
1751 3371 1955 3455 quasi
2001 3371 2213 3457 legiti-

203 3483 383 3525 mum
443 3482 784 3526 numerum
848 3460 1329 3526 consuetudinis
1392 3482 1523 3525 non
1588 3461 1861 3545 explere.
1963 3459 2089 3523 Tot
2143 3461 2213 3523 in

204 3547 426 3613 Sicilia
479 3551 774 3615 civitates
832 3552 1010 3633 sunt,
1067 3550 1302 3634 quibus
1356 3553 1431 3613 tu
1473 3570 1591 3633 per
1635 3547 1986 3613 triennium
2031 3570 2212 3632 prae-

308 3659 506 3702 o1c.11.
535 3664 572 3704 1.
1719 3658 1787 3705 29
