2566 4016
258 181 391 246 200
854 180 934 234 IN
974 179 1032 235 C.
1071 179 1381 236 VERREM
1417 179 1577 236 ACT.
1614 179 1681 235 11.

181 314 220 377 1
393 324 607 390 Multa
670 325 834 389 mihi
904 324 1296 407 necessario,
1366 324 1636 408 iudices,
1706 325 2288 408 praetermittenda

189 391 219 439 ¹
262 417 441 497 sunt,
486 416 561 477 ut
605 413 853 497 possim
901 413 1116 496 aliquo
1164 412 1356 477 modo
1405 410 1752 496 aliquando
1801 412 1878 477 de
1923 413 2027 477 his
2073 414 2290 497 rebus,

262 522 427 585 quae
472 522 653 565 meac
699 501 850 565 fidei
887 501 1272 566 commissae
1312 503 1481 584 sunt,
1528 500 1754 564 dicere.
1834 499 2076 584 Recepi
2113 502 2287 566 enim

261 610 524 654 causam
580 586 868 672 Siciliae3
931 610 1008 653 ea
1062 609 1166 652 me
1221 588 1304 653 ad
1367 588 1492 652 hoc
1553 587 1889 673 negotium
1950 590 2287 673 provincia

262 677 551 742 attraxit.
641 676 786 762 Ego
845 681 1068 741 tamen
1120 675 1246 740 hoc
1302 697 1494 741 onere
1551 676 1849 759 suscepto
1906 681 1973 740 et
2026 681 2286 762 recepta
2312 696 2340 736 5

261 786 457 830 causa
484 762 807 829 Siciliensi
834 766 1168 848 amplexus
1198 764 1416 828 animo
1448 784 1591 827 sum
1621 763 1957 847 aliquanto
1988 765 2285 849 amplius.

262 850 528 936 Suscepi
583 853 757 916 enim
811 873 1072 917 causam
1126 852 1332 916 totius
1389 851 1659 934 ordinis,
1715 852 1971 935 suscepi
2024 874 2287 918 causam

260 941 355 1005 rei
407 939 734 1024 publicae,
790 940 962 1024 quod
1014 940 1332 1025 putabam
1383 942 1526 1004 tum
1585 939 1862 1023 denique
1907 944 2081 1005 recte
2125 941 2287 1005 iudi-

262 1027 397 1092 cari
448 1048 669 1113 posse,
725 1028 780 1092 si
833 1048 967 1092 non
1020 1027 1212 1093 modo
1266 1048 1417 1092 reus
1461 1027 1798 1111 improbus
1846 1027 2287 1111 adduceretur,

262 1116 375 1180 sed
429 1116 629 1182 etiam
683 1116 961 1201 diligens
1016 1138 1093 1182 ac
1144 1116 1370 1181 firmus
1432 1119 1769 1180 accusator
1833 1116 1917 1180 ad
1977 1115 2285 1182 iudicium
2316 1137 2372 1176 10

188 1222 222 1272 2
260 1203 530 1269 veniret.
594 1204 734 1280 Quo
771 1203 936 1269 mihi
971 1203 1290 1268 maturius
1327 1203 1410 1268 ad
1446 1199 1705 1268 Siciliae
1738 1225 2000 1268 causam
2025 1204 2284 1269 venien-

261 1291 412 1357 dum
460 1297 561 1357 est
605 1292 853 1357 relictis
902 1293 1131 1357 ceteris
1178 1291 1316 1356 eius
1359 1290 1555 1356 furtis
1602 1294 1797 1375 atque
1855 1291 2155 1377 flagitiis,
2211 1296 2287 1357 ut

261 1383 328 1444 et
380 1380 629 1444 viribus
686 1401 882 1463 quam
934 1379 1375 1466 integerrimis
1431 1400 1625 1465 agere
1675 1382 1746 1443 et
1801 1379 1884 1447 ad
1948 1379 2286 1445 dicendum

258 1467 574 1551 temporis
622 1467 783 1532 satis
829 1467 1070 1532 habere
1115 1468 1384 1551 possim.

392 1554 613 1637 Atque
641 1559 992 1639 antequam
1021 1555 1098 1619 de
1129 1554 1556 1620 incommodis
1585 1553 1844 1620 Siciliae
1881 1554 2043 1639 dioc,
2078 1577 2287 1641 pauca
2314 1575 2372 1617 15

260 1642 424 1706 mihi
469 1641 771 1708 videntur
817 1663 958 1707 esse
1005 1641 1084 1706 de
1127 1643 1499 1728 provinciae
1545 1643 1892 1744 dignitate,
1938 1648 2286 1727 vetustate,

259 1730 547 1795 utilitate
602 1729 886 1795 dicenda.
985 1729 1160 1795 Nam
1216 1753 1363 1795 cum
1419 1731 1707 1796 omnium
1764 1732 2086 1796 sociorum
2139 1754 2285 1818 pro-

259 1818 745 1902 vinciarumque
789 1818 1110 1883 rationem
1157 1818 1506 1905 diligenter
1550 1819 1791 1883 habere
1829 1819 2097 1904 debetis,
2142 1824 2284 1885 tum

258 1906 602 1990 praecipue
646 1904 936 1991 Siciliae,
987 1906 1257 1992 iudices,
1310 1907 1610 1993 plurimis
1655 1907 2160 1992 iustissimisque
2206 1907 2285 1972 de

261 1994 498 2095 causis,
560 1995 846 2080 primum
916 1995 1088 2080 quod
1151 1994 1441 2063 omnium
1503 1995 1844 2064 nationum
1916 1999 2285 2062 exterarum
2315 2016 2375 2057 20

259 2083 561 2168 princeps
633 2084 856 2149 Sicilia
928 2105 998 2149 se
1070 2084 1153 2149 ad
1225 2083 1582 2149 amicitiam
1658 2084 1977 2168 fidemque
2055 2085 2285 2169 populi

259 2168 540 2236 Romani
577 2172 950 2271 applicavit.
1022 2170 1247 2236 Prima
1283 2172 1590 2255 omnium,
1634 2171 1703 2234 id
1740 2173 1912 2255 quod
1949 2193 2285 2237 ornamen-

258 2263 402 2323 tum
446 2259 706 2340 impcrii
751 2262 867 2342 est,
912 2259 1249 2344 provincia
1287 2263 1387 2323 est
1423 2259 1773 2345 appellata,
1816 2260 2032 2344 prima
2067 2260 2285 2325 docuit

259 2345 540 2410 maiores
584 2349 867 2430 nostros,
913 2368 1109 2430 quam
1145 2348 1551 2430 praeclarum
1591 2351 1763 2412 esset
1799 2348 2038 2412 exteris
2077 2348 2284 2435 genti·

258 2432 381 2495 bus
434 2432 782 2516 imperare,
837 2434 980 2499 sola
1030 2434 1160 2499 fuit
1212 2456 1290 2500 ea
1341 2434 1468 2500 fide
1514 2435 2079 2519 benivolentiaque
2124 2457 2284 2522 erga
2314 2454 2372 2495 25

256 2519 570 2621 populum
624 2519 1019 2605 Romanum,
1082 2526 1156 2587 ut
1213 2523 1514 2588 civitates
1579 2523 1715 2588 eius
1774 2523 2051 2608 insulae,
2117 2545 2283 2608 quae

258 2607 503 2672 semel
484 2630 554 2674 ιιι
582 2609 938 2676 amicitiam
965 2614 1263 2676 nostram
1291 2612 1642 2694 venissent,
1666 2633 2023 2695 numquam
2049 2615 2285 2696 postea

258 2695 628 2782 deficerent,
690 2699 1036 2783 pleraeque
1099 2703 1318 2765 autem
1383 2703 1450 2763 et
1512 2699 1792 2765 maxime
1854 2700 2148 2765 illustres
2211 2700 2284 2765 in

182 2801 216 2850 3
256 2784 545 2849 amicitia
588 2790 901 2870 perpetuo
948 2791 1306 2851 manerent.
1375 2786 1608 2870 Itaque
1642 2788 1998 2853 maioribus
2034 2788 2283 2853 nostris

253 2872 324 2936 in
375 2872 668 2938 Africam
724 2895 801 2939 ex
859 2875 983 2939 hac
1044 2874 1379 2959 provincia
1443 2873 1683 2960 gradus
1746 2875 2006 2959 imperii
2067 2876 2284 2942 factus
2314 2894 2374 2934 ³⁰

255 2964 376 3025 est.
464 2959 691 3045 Neque
739 2963 911 3027 enim
955 2965 1095 3028 tam
1139 2962 1332 3027 facile
1379 2983 1532 3047 opes
1580 2959 2001 3049 Carthaginis
2055 2967 2284 3029 tantae

252 3048 714 3132 concidissent,
764 3050 895 3114 nisi
949 3049 1114 3115 illud
1160 3054 1226 3114 et
1270 3050 1368 3115 rei
1409 3049 1875 3118 frumentariae
1919 3051 2287 3118 subsidium

171 3148 216 3211 2
254 3141 321 3200 et
401 3137 880 3222 receptaculum
964 3138 1281 3203 classibus
1358 3139 1602 3204 nostris
1674 3141 1949 3224 pateret.
2067 3139 2288 3215 Quare

251 3222 322 3289 P.
360 3223 709 3290 Africanus
748 3222 1148 3311 Carthagine
1186 3225 1399 3292 deleta
1435 3223 1802 3292 Siculorum
1838 3228 2033 3291 urbes
2072 3227 2285 3313 signis

250 3314 817 3410 monumentisque
852 3314 1311 3398 pulcherrimis
1350 3314 1706 3397 exornavit,
1750 3318 1843 3398 ut,
1882 3337 2045 3399 quos
2080 3316 2287 3380 victo·
2315 3331 2370 3372 85

249 3397 352 3460 ria
394 3400 623 3482 populi
666 3399 947 3467 Romani
993 3402 1272 3468 maxime
1319 3402 1552 3467 laetari
1598 3402 2064 3486 arbitrabatur,
2110 3403 2290 3488 apud

177 3493 215 3540 4
253 3503 365 3546 eos
412 3492 834 3552 monumenta
878 3489 1188 3554 victoriae
1224 3491 1511 3574 plurima
1548 3489 1913 3556 collocaret.
1986 3490 2290 3574 Denique

2551 1844 2566 1939 ΑΒ...
