2566 4016
353 210 490 274 402
946 208 1027 264 IN
1064 208 1124 264 Ο.
1153 207 1465 264 VERREM
1497 207 1656 263 ΔΟΤ.
1694 208 1760 262 ΙῙ.

352 374 485 418 non
541 352 667 420 hoc
721 353 1160 438 intellegeret,
1220 353 1292 417 in
1341 351 1626 436 improbi
1676 350 2045 436 praesentis
2090 348 2361 436 imperio

353 442 671 509 maiorem
699 462 844 507 esse
876 442 1011 507 vim
1046 460 1244 526 quam
1271 440 1350 504 in
1384 441 1707 542 bonorum
1743 439 2112 505 absentium
2145 441 2364 522 patro-

355 530 570 596 cinio‘?
633 529 743 595 An
777 550 932 596 vero
971 551 1048 594 ex
1083 529 1212 595 hoe
1242 528 1365 593 illa
1403 533 1521 593 tua
1713 528 1914 593 ularis
1963 525 2366 612 significatur

352 618 723 701 insolentia,
768 618 1091 702 superbia,
1136 616 1588 682 contumacia?
1725 615 2021 681 etraliere
2064 614 2367 681 videlicet

356 706 602 791 aliquid
655 711 724 771 te
778 705 855 770 de
912 705 1337 790 amplitudine
1379 703 1845 770 Marcellorum,
1888 703 2158 788 putasti⁴
2235 702 2365 771 Ita·
2390 722 2418 763 s

357 814 484 895 que
515 814 688 858 nnnc
725 728 1090 859 Siculorum
1123 792 1425 858 Marcelli
1454 813 1591 858 non
1624 797 1778 857 sunt
1811 791 2091 878 patroni,
2125 789 2373 857 Verres

250 907 320 956 90
356 883 426 947 in
464 900 685 947 eorum
731 881 948 946 locum
994 881 1395 946 substitutus
1437 885 1558 946 est
1628 879 1837 956 Quam
1881 881 1953 945 in
1995 884 2063 945 te
2107 883 2370 945 tantm

355 970 665 1035 virtutem
722 990 867 1035 esse
909 974 1024 1035 aut
1069 969 1457 1056 dignitatem
1504 968 1860 1034 arbitratus
1908 989 2005 1052 es,
2057 972 2373 1034 3133311113-

353 1078 497 1122 rere
560 1058 933 1124 clientelam
994 1061 1133 1123 tam
1197 1057 1598 1143 splendidae,
1659 1061 1802 1122 tun
1860 1056 2155 1123 inlustris
2221 1078 2375 1139 pro-

353 1146 607 1212 vinciae
665 1148 1004 1213 traducere
1064 1146 1148 1212 ad
1208 1150 1304 1231 te,
1369 1145 1621 1211 auferre
1675 1168 1715 1210 a
1768 1145 2147 1210 certissimis
2204 1145 2378 1210 anti·
2401 1164 2444 1203 a

353 1256 775 1387 1131ῗέῗὲἒέ
778 1235 1246 1388 emgdagmtffizisiis
1282 1233 1571 1404 811311ιέ
1573 1233 1991 1386 α33ἓθ111ἓ111ἓ
1996 1232 2380 1387 teztdlilstgiffi

355 1408 555 1474 Siculi
592 1410 962 1475 clientelam
997 1411 1169 1475 tueri
1204 1410 1438 1494 potes?
1481 1409 1611 1473 tibi
1641 1408 1938 1474 Marcelli
1980 1411 2205 1474 statua
2251 1431 2377 1492 pro

352 1497 650 1582 patibulo
712 1497 784 1560 in
846 1497 1116 1562 clientes
1169 1496 1632 1562 Marcellorum
1682 1497 1854 1562 fuit?
1924 1501 1998 1561 tu
2052 1518 2131 1562 ex
2183 1497 2379 1562 illius

352 1585 599 1649 honore
633 1584 705 1648 in
742 1605 850 1648 eos
886 1586 1084 1669 ipsOS,
1131 1585 1243 1669 qui
1277 1585 1594 1650 honorem
1638 1585 1742 1649 illi
1785 1585 2169 1667 habuerant,
2219 1607 2379 1670 sup-
2404 1602 2446 1643 ιε

353 1672 550 1757 plicia
574 1673 975 1757 quaerebas?
1011 1671 1177 1749 Quid
1198 1673 1476 1759 postea?
1509 1673 1663 1757 quid
1685 1673 1946 1738 tandem
1968 1673 2100 1737 tuis
2126 1674 2383 1739 statuis

351 1761 496 1826 fore
557 1761 1010 1827 arbitrabare?
1080 1783 1167 1827 an
1226 1782 1382 1827 vero
1435 1760 1531 1845 id,
1595 1763 1767 1846 quod
1821 1761 2097 1827 accidit?
2193 1761 2381 1828 Nam

352 1849 781 1934 Tyndaritani
836 1854 1124 1916 statuam
1175 1850 1394 1933 istius,
1448 1871 1645 1933 quam
1699 1849 1825 1915 sibi
1877 1853 2147 1935 propter
2198 1848 2385 1915 Mar·

354 1938 555 2003 cellos
610 1939 849 2004 altiore
898 1939 1098 2004 etiam
1149 1938 1296 2003 basi
1347 1938 1506 2024 poni
1556 1938 1863 2023 iusserat,
1917 1937 2385 2026 deturbarunt,

355 2028 550 2092 simul
596 2048 674 2093 ac
718 2049 1082 2096 successum
1126 2028 1240 2093 isti
1287 2027 1644 2092 audierunt.
2406 2044 2447 2083 ιο

246 2125 335 2189 42
485 2114 685 2181 Dedit
736 2116 941 2200 igitur
988 2116 1113 2181 tibi
1155 2137 1328 2181 nunc
1369 2115 1636 2180 fortuna
1679 2112 2041 2180 Siculorum
2088 2113 2159 2181 O.
2201 2115 2387 2183 Mar·

354 2192 589 2268 cellum
634 2203 939 2287 iudicem,
990 2207 1091 2289 ut,
1136 2204 1318 2268 cuius
1365 2203 1447 2268 ad
1488 2206 1779 2267 statuam
1825 2200 2026 2267 Siculi
2068 2206 2137 2267 te
2185 2226 2389 2289 praae-

352 2296 497 2356 tore
551 2291 1023 2375 alligabantur,
1072 2254 1215 2357 7eius
1268 2291 1586 2377 religione
1631 2295 1699 2356 te
1742 2291 1790 2373 †
1833 2290 1953 2355 isti
1993 2290 2389 2362 devinctum

248 2396 314 2443 91
354 2378 862 2461 adstrictumque
891 2378 1216 2448 dedamtis.
1272 2378 1371 2444 Ac
1398 2380 1627 2464 prime,
1654 2379 1917 2462 iudices,
1947 2378 2074 2444 hoc
2101 2380 2389 2467 signum

350 2466 633 2531 Mercuri
695 2466 954 2538 dicebat
1002 2468 1130 2533 iste
1184 2465 1664 2551 Tyndaritanos
1715 2467 1805 2533 M.
1847 2429 2161 2533 Marcello
2221 2470 2392 2537 huic
2412 2483 2453 2525 ¹⁸

351 2554 713 2620 Aesernino
766 2555 1155 2639 vendidisse,
1210 2560 1406 2639 atque
1459 2555 1585 2621 hoc
1631 2577 1749 2621 sua
1792 2576 1986 2622 causa
2031 2555 2245 2623 etiam
2292 2557 2392 2625 M.

322 2643 734 2721 ‚Marcellum
778 2645 994 2730 ipsum
1043 2644 1353 2730 sperabat
1397 2665 1537 2709 esse
1583 2644 1933 2727 dicturum3
1983 2644 2158 2728 quod
2210 2646 2394 2713 mihi

349 2751 706 2817 numquam
768 2734 904 2798 veri
969 2732 1179 2798 simile
1240 2732 1455 2797 visum
1517 2736 1645 2817 est,
1707 2732 2193 2797 adulescentem
2258 2735 2392 2802 illc

351 2822 498 2888 loco
549 2825 806 2905 natum,
858 2825 1209 2907 patronum
1255 2818 1540 2905 Siciliae,
1592 2841 1830 2886 nomen
1885 2842 2077 2885 suum
2117 2821 2253 2887 13131
2302 2824 2393 2889 ad

351 2910 850 2977 translationem
887 2909 1178 2975 criminis
1212 2909 1787 2975 commodaturum.
1850 2907 2098 2973 Verum
2140 2913 2395 2977 tamen
2417 2925 2460 2965 ³·

349 3000 447 3063 ita
494 2999 654 3062 mihi
699 3020 805 3062 res
850 2990 994 3063 tota
1037 2997 1302 3082 provisa
1337 3001 1543 3098 ‘atque
1587 3001 1937 3080 praecauta
1982 3000 2110 3080 est,
2159 3004 2280 3083 ut,
2333 3001 2396 3065 ni

351 3087 631 3152 maxime
669 3089 844 3151 esset
876 3086 1197 3170 inventus,
1243 3085 1356 3169 qui
1391 3085 1461 3149 in
1507 3106 1577 3150 se
1623 3085 1948 3171 suscipere
1991 3047 2194 3151 istius
2250 3089 2396 3154 cul-
2486 3087 2487 3092 ’

348 3196 503 3257 pam
530 3174 899 3257 crimenque
928 3177 1206 3258 cuper-et,
1242 3173 1506 3239 tamen
1486 3193 1546 3237 13
1572 3174 1883 3257 proficere
1917 3172 2086 3238 nihil
2121 3181 2397 3258 poeset.

348 3261 482 3324 Eos
538 3262 709 3327 enim
767 3262 996 3327 deduxi
1046 3264 1248 3327 testes
1297 3264 1365 3326 et
1409 3281 1519 3326 eas
1562 3262 1822 3327 litteras
1869 3261 2261 3348 deportavi,
2313 3267 2399 3330 ut

245 3355 312 3402 92
351 3347 429 3408 de
484 3341 675 3412 istius
727 3349 903 3414 facto
960 3348 1224 3413 dubium
1275 3370 1418 3414 esse
1459 3349 1704 3415 nemini
1746 3350 1973 3434 possit.
2051 3314 2400 3419 Publ’icae
2422 3362 2463 3405 ⁸

348 3430 609 3495 litterae
674 3438 827 3499 sunt
881 3436 1298 3521 deportatum
1350 3436 1744 3502 Mercurium
1797 3459 1938 3503 3333
1989 3434 2399 3507 Messanam

351 3521 613 3597 sumptu
639 3520 929 3603 publico3
968 3522 1198 3607 dicent,
1239 3525 1495 3609 quanti3
1529 3524 1887 3609 praefuisse
1914 3525 2066 3590 huic
2093 3529 2398 3614 negotio
