2566 4016
323 214 455 278 214
926 211 1004 266 IN
1041 209 1098 266 Ο.
1128 208 1437 264 VERREM
1472 208 1630 265 ACT.
1668 209 1738 263 11.

223 360 302 422 17
323 358 630 423 iubentur
663 355 1009 441 postridie'
1076 353 1420 420 Heraclius
1466 354 1733 437 interea,
1780 376 1926 420 cum
1971 375 2197 419 omnes
2243 356 2335 420 in-

325 446 523 511 sidias
558 444 839 510 fortunis
877 443 1011 508 suis
1050 464 1089 507 a
1124 445 1439 528 praetore
1470 442 1611 505 fieri
1655 441 1924 525 videret,
1970 443 2147 526 capit
2194 464 2337 509 con·

326 535 544 599 silium
598 533 676 597 de
730 532 1086 598 amicorum
1142 534 1208 595 et
1260 530 1774 615 propinquorum
1828 529 2153 595 sententia
2205 553 2339 596 non

326 623 550 688 adesse
614 621 697 686 ad
756 620 1060 685 iudicium
1115 618 1337 702 itaque
1390 619 1509 683 illa
1561 621 1750 684 nocte
1806 616 2139 702 Syracusis
2193 640 2337 703 pro·

325 711 517 797 fugit.
588 709 725 773 Iste
755 707 1070 794 postridie
1108 728 1315 790 mane,
1358 729 1504 772 cum
1543 706 1747 771 multo
1786 707 2104 771 maturius
2143 728 2339 790 quam
2364 728 2390 770 5

327 820 637 883 umquam
691 799 883 861 antea
935 795 1344 877 surrexisset,
1398 794 1638 860 iudices
1695 794 1883 859 citari
1927 794 2126 859 iubet.
2208 793 2339 860 Ubi

328 886 645 971 comperit
698 883 1071 950 Heraclium
1134 904 1267 948 non
1330 883 1580 966 adesse,
1643 903 1874 968 cogere
1926 882 2155 967 incipit
2211 904 2338 966 e08,

327 977 403 1039 ut
459 973 795 1038 absentem
849 971 1223 1037 Heraclium
1278 971 1722 1036 condemnent.
1811 969 1923 1034 Illi
1978 993 2127 1036 eum
2172 992 2339 1037 com·

328 1061 795 1144 monefaciunt,
839 1063 941 1143 ut,
986 1060 1043 1124 si
1080 1060 1206 1124 sibi
1241 1058 1566 1144 videatur,
1609 1062 1836 1124 utatur
1870 1059 2175 1124 instituto
2223 1082 2337 1125 suo

330 1172 446 1216 nec
484 1153 679 1235 cogat
716 1152 866 1214 ante
910 1148 1142 1213 horam
1188 1147 1504 1213 decimam
1551 1147 1629 1212 de
1675 1147 1944 1213 absente
1991 1149 2340 1214 secundum
2370 1171 2420 1209 ιο

225 1264 294 1312 42
330 1242 738 1324 praesentem
782 1235 1092 1320 iudicare3
1135 1237 1508 1321 impetrant.
1589 1235 1847 1305 Interea
1892 1257 2047 1303 sane
2091 1242 2340 1323 pertur-

332 1329 525 1393 batus
565 1330 631 1390 et
666 1326 807 1412 ipse
846 1329 912 1389 et
946 1325 1084 1390 eius
1122 1325 1315 1390 amici
1351 1328 1418 1390 et
1453 1325 1809 1390 consiliarii
1852 1326 2127 1391 moleste
2170 1325 2339 1390 ferre

331 1417 679 1498 coeperunt
745 1412 1121 1478 Heraclium
1192 1413 1587 1498 profugisse3
1657 1413 1981 1498 putabant
2052 1413 2340 1479 absentis

331 1501 837 1583 damnationem,
891 1501 1276 1585 praesertim
1330 1504 1552 1566 tantae
1604 1501 1939 1585 pecuniae,
1996 1503 2203 1567 multo
2249 1503 2342 1567 in-

330 1589 744 1654 vidiosiorem
796 1586 964 1671 fore,
1027 1611 1224 1672 quam
1280 1589 1340 1652 si
1391 1610 1698 1674 praesens
1754 1589 2097 1655 damnatus
2154 1594 2345 1656 esset.
2373 1611 2426 1652 ιε

331 1676 429 1744 Eo
486 1676 855 1759 accedebat,
910 1676 1082 1760 quod
1134 1676 1375 1742 iudices
1431 1699 1467 1742 e
1520 1678 1666 1764 lege
1711 1678 1973 1764 Rupilia
2028 1678 2160 1744 dati
2210 1701 2345 1745 non

331 1769 546 1848 erant3
582 1765 791 1830 multo
821 1765 1021 1829 etiam
1048 1786 1185 1830 rem
1221 1765 1580 1850 turpiorem
1621 1766 1813 1848 [fore]
1854 1770 1920 1831 et
1955 1767 2343 1852 iniquiorem

330 1855 544 1919 visum
606 1854 689 1917 iri
749 1853 1237 1940 intellegebant.
1338 1853 1569 1938 Itaque
1628 1855 1753 1920 hoc
1813 1855 1966 1920 dum
2020 1856 2343 1942 corrigere

330 1943 473 2010 volt
481 1991 498 2028 ,
555 1942 842 2027 apertior
896 1942 1031 2007 eius
1078 1941 1399 2028 cupiditas
1442 1943 1958 2029 improbitasque
2002 1943 2179 2010 facta
2225 1950 2342 2010 est.

329 2030 502 2097 Nam
556 2031 690 2096 illis
748 2031 1028 2116 quinque
1082 2031 1401 2097 iudicibus
1453 2032 1556 2114 ‚uti
1610 2052 1679 2097 se
1733 2037 1958 2118 negat3
2013 2034 2221 2117 iubet,
2276 2034 2345 2098 id
2370 2054 2426 2094 20

334 2120 506 2204 quod
550 2120 738 2184 initio
784 2121 929 2204 lege
971 2119 1236 2203 Rupilia
1278 2120 1421 2185 fieri
1466 2123 1864 2205 oportuerat,
1909 2121 2097 2187 citari
2140 2120 2345 2187 Hera-

332 2208 528 2272 clium
566 2212 631 2271 et
668 2228 805 2289 eOS,
844 2207 956 2289 qui
1000 2207 1207 2271 dicam
1256 2209 1677 2293 scripserant3
1724 2209 1818 2274 ait
1863 2231 1931 2274 se
1976 2209 2217 2275 iudices
2265 2233 2344 2275 ex

331 2296 477 2380 lege
540 2294 710 2358 velle
771 2293 1009 2359 sortiri.
1110 2294 1298 2370 Quod
1352 2296 1435 2361 ab
1490 2318 1566 2361 eo
1621 2297 1851 2382 pridie,
1917 2297 2061 2364 cum
2116 2299 2343 2363 multis

332 2381 618 2447 lacrimis
675 2387 821 2446 cum
876 2385 1091 2446 oraret
1148 2385 1343 2467 atque
1390 2383 1785 2469 obsecraret,
1838 2384 2179 2452 Heraclius
2227 2388 2346 2451 im-

332 2472 590 2553 petrare
625 2490 758 2533 non
792 2471 1115 2553 potuerat,
1158 2470 1227 2533 id
1263 2471 1323 2535 ei
1358 2472 1673 2556 postridie
1708 2475 1888 2539 venit
1924 2475 1995 2539 in
2039 2480 2344 2559 mentem,
2374 2493 2426 2535 2⁵

332 2578 408 2620 ex
480 2557 626 2642 lege
689 2555 954 2641 Rupilia
1021 2558 1243 2622 sortiri
1308 2559 1482 2626 dicas
1548 2564 1866 2645 oportere.
1964 2562 2199 2627 Educit
2267 2586 2348 2628 ex

329 2667 493 2709 urna
545 2645 696 2729 tris;
758 2644 890 2728 his,
951 2650 1025 2710 ut
1080 2647 1413 2712 absentem
1467 2647 1842 2715 Heraclium
1896 2651 2346 2737 condemnent,

330 2733 635 2819 imperat,
680 2733 901 2817 itaque
947 2734 1395 2801 condemnant.

224 2834 294 2884 43
463 2820 668 2904 Quae,
713 2822 959 2886 malum
967 2872 984 2904 ,
1030 2823 1160 2887 ista
1202 2823 1329 2888 fuit
1377 2825 1688 2890 amentia!
1755 2828 2083 2911 ecquando
2129 2831 2197 2893 te
2243 2850 2348 2893 ra·

328 2910 574 2975 tionem
601 2910 925 2974 factorum
952 2913 1214 2976 tuorum
1241 2912 1643 2978 redditurum
1668 2916 1964 2998 putasti?
2011 2917 2347 3000 ecquando
2380 2936 2432 2975 ³0

327 2998 432 3062 his
462 2998 538 3062 de
571 2997 764 3062 rebus
801 2999 968 3063 tales
1004 2999 1181 3063 viros
1218 3000 1552 3066 audituros
1592 3002 2025 3069 existimasti?
2069 3003 2350 3069 Petatur

327 3086 654 3151 hereditas
704 3089 860 3169 [ea],
907 3108 1071 3171 quae
1116 3087 1302 3151 nulla
1348 3087 1644 3172 debetur,
1688 3090 1758 3154 in
1801 3092 2109 3175 praedam
2153 3115 2352 3177 prae-

328 3174 536 3240 toris?
599 3175 1052 3259 interponatur
1114 3196 1352 3240 nomen
1406 3177 1736 3243 civitatis?
1798 3179 2174 3265 imponatur
2227 3181 2350 3246 ho·

327 3265 552 3326 nestae
608 3262 859 3327 civitati
915 3262 1295 3347 turpissima
1345 3286 1623 3347 persona
1667 3267 2072 3334 calumniae?
2135 3290 2351 3353 neque

327 3347 454 3412 hoc
490 3350 721 3433 solum,
760 3350 872 3414 sed
907 3349 1003 3415 ita
1040 3372 1142 3415 res
1183 3355 1436 3437 agatur,
1482 3356 1557 3417 ut
1591 3374 1673 3419 ne
1712 3357 2043 3421 simulatio
2083 3357 2350 3441 quidem
2384 3373 2437 3415 ³⁵

332 3435 679 3515 aequitatis
733 3438 871 3501 ulla
926 3438 1354 3504 adhibeatur?
1444 3438 1643 3524 Nam,
1703 3462 1819 3526 per
1875 3444 2028 3509 deos
2083 3446 2357 3511 immor·

332 3520 524 3584 tales!
573 3523 726 3603 quid
749 3525 1038 3606 interest,
1077 3529 1296 3591 utrum
1322 3532 1588 3613 praetor
1614 3531 1890 3614 imperet
1918 3532 2111 3617 vique
2148 3537 2357 3619 cogat
