2566 4016
259 372 327 420 84

260 1854 328 1903 85

259 2778 345 2905 ἓὲ

362 213 496 276 460
969 208 1047 263 IN
1086 208 1144 263 C.
1173 206 1484 262 VERREM
1520 205 1676 262 ACT.
1717 206 1787 260 II.

361 376 601 420 nomen
645 353 998 439 attingunt.
1080 350 1135 417 Ο
1183 351 1248 416 di
1292 351 1725 417 immortales!
1790 349 1993 434 quid?
2047 349 2108 413 si
2152 349 2420 416 harum

361 445 654 528 ipsarum
691 441 1034 507 civitatum
1075 439 1416 523 militibus,
1460 439 1758 523 navibus,
1800 436 2151 503 nauarchis
2208 437 2419 523 Syra·

366 551 641 598 cusanus
688 528 1066 595 Cleomenes
1128 529 1348 594 iussus
1413 531 1514 591 est
1570 527 1920 611 imperare,
1983 547 2120 590 non
2180 528 2417 592 omnis

362 619 573 685 honos
610 618 706 684 ab'
732 618 862 682 isto
901 616 1263 702 dignitatis,
1310 614 1662 698 aequitatis
1710 614 2034 698 officiique
2085 613 2415 681 sublatus

366 709 510 773 est?
600 705 870 790 Ecquod
922 705 994 768 in
1038 701 1261 769 Sicilia
1315 703 1562 768 bellum
1617 703 1964 789 gessimus,
2021 702 2189 785 quin
2242 702 2415 768 Cen·
2440 723 2462 764 ⁵

364 795 669 880 turipinis
700 792 911 877 sociis,
949 789 1377 876 Syracusanis
1402 790 1706 856 hostibus
1741 790 2119 855 uteremur?
2168 790 2414 876 Atque

363 883 524 949 haec
553 903 676 968 ego
705 881 789 946 ad
817 880 1198 945 memoriam
1227 879 1595 963 vetustatis,
1629 896 1764 943 non
1799 877 1883 943 ad
1919 880 2413 945 contumeliam

366 970 650 1036 civitatis
686 967 916 1034 referri
950 968 1120 1033 volo.
1189 967 1422 1052 Itaque
1457 967 1572 1031 ille
1617 966 1720 1031 vir
1764 965 2172 1031 clarissimus
2230 989 2413 1033 sum·

367 1078 637 1142 musque
673 1056 1048 1141 imperator,
1092 1053 1179 1119 M.
1205 1053 1573 1137 Marcellae,
1620 1054 1798 1120 cuius
1844 1054 2091 1119 virtute
2137 1060 2411 1140 captae,

367 1144 811 1211 misericordia
860 1145 1281 1210 conservatae
1329 1146 1483 1231 sunt
1527 1140 1914 1226 Syracusae,
1968 1141 2293 1209 habitare
2340 1146 2412 1209 in
2435 1164 2472 1202 ιο

368 1257 446 1300 ea
493 1238 680 1321 parte
726 1232 934 1315 urbis,
980 1253 1146 1316 quae
1188 1232 1259 1299 in
1303 1230 1530 1295 Insula
1574 1234 1702 1314 est,
1756 1227 2253 1314 Syracusanum
2299 1255 2411 1298 ne-

367 1324 610 1387 minem
671 1320 909 1404 voluit3
978 1319 1171 1384 hodie
1181 1369 1199 1402 ,
1268 1319 1564 1404 inquam,
1636 1316 2117 1402 Syracusanum
2181 1320 2267 1384 in
2335 1343 2411 1386 ea

365 1414 554 1494 parte
607 1408 909 1473 habitare
961 1428 1095 1471 non
1147 1407 1331 1491 licet3
1385 1410 1488 1471 est
1540 1406 1710 1471 enim
1767 1406 1974 1488 locu8‚
2031 1428 2242 1490 quem
2300 1411 2409 1474 vel

365 1496 556 1581 pauci
600 1494 860 1580 possint
906 1493 1261 1559 defendere.
1336 1492 1764 1559 Committere
1807 1494 2013 1579 igitur
2059 1515 2224 1560 eum
2271 1518 2406 1562 non

365 1582 762 1648 fidelissimis
797 1580 1170 1645 hominibus
1205 1582 1437 1666 noluit,
1476 1582 1671 1647 simul
1709 1581 1882 1666 quod
1920 1580 2002 1647 ab
2038 1582 2166 1647 illa
2207 1591 2406 1669 parte
2430 1602 2465 1642 ιε

365 1671 547 1736 urbis
591 1670 868 1735 navibus
915 1669 1131 1734 aditus
1179 1690 1256 1734 ex
1303 1670 1442 1734 alto
1487 1673 1605 1735 est.
1679 1669 1889 1745 Quam
1934 1669 2019 1734 ob
2066 1691 2244 1756 rem,
2297 1675 2406 1758 qui

364 1764 627 1826 nostros
683 1754 1002 1824 exercitus
1060 1779 1252 1843 saepe
1309 1759 1739 1841 excluserant,
1791 1757 1875 1822 iis
1921 1758 2228 1824 claustra.
2278 1762 2405 1827 loci

369 1846 834 1914 committenda
860 1867 995 1912 non
1021 1846 1439 1911 existimavit.
1503 1845 1687 1929 Vide,
1725 1845 1879 1929 quid
1914 1844 2185 1910 intersit
2229 1849 2405 1915 inter

368 1941 549 2002 tuam
595 1935 933 2001 libidinem
978 1934 1426 2018 maiorumque
1473 1933 1948 2020 auctoritatem,
1991 1934 2169 2000 inter
2227 1960 2404 2003 amo·

366 2048 507 2091 rem
577 2024 991 2107 furoremque
1064 2026 1251 2088 tuum
1315 2026 1383 2087 et
1448 2023 1714 2088 illorum
1779 2023 2127 2088 consilium
2198 2031 2402 2113 atque
2422 2044 2458 2083 u

364 2113 798 2198 prudentiam.
858 2111 972 2176 Illi
999 2110 1248 2177 aditum
1277 2110 1495 2176 litoris
1524 2108 1946 2194 Syracusanis
1984 2110 2403 2200 ademerunt,

365 2206 442 2267 tu
494 2201 839 2284 imperium
895 2199 1318 2264 maritumum
1363 2198 1765 2281 concessisti3
1820 2198 1922 2262 illi
1966 2199 2293 2268 habitare
2336 2205 2402 2268 in

367 2311 443 2354 eo
506 2290 652 2354 loco
712 2285 1215 2372 Syracusanum,
1281 2308 1410 2370 qua
1471 2308 1670 2350 naves
1735 2287 2031 2351 accedere
2098 2297 2401 2376 possent,

364 2376 733 2457 noluerunt,
779 2378 853 2438 tu
890 2374 1086 2439 classi
1132 2377 1200 2438 et
1243 2374 1521 2439 navibus
1560 2371 2036 2458 Syracusanum
2082 2397 2400 2460 praeesse

365 2463 661 2545 voluisti3
708 2461 943 2545 quibus
979 2461 1082 2526 illi
1125 2461 1307 2526 urbis
1356 2483 1509 2526 suae
1553 2465 1808 2546 partem
1857 2463 2276 2551 ademerunt,
2321 2470 2399 2533 iis
2419 2483 2458 2525 n

365 2554 441 2616 tu
475 2549 686 2614 nostri
721 2548 979 2633 imperii
1023 2554 1281 2633 partem
1328 2549 1563 2614 dedisti
1607 2553 1692 2634 et,
1738 2571 2013 2633 quorum
2058 2554 2400 2622 sociorum

367 2660 565 2724 opera
602 2635 989 2722 Syracusani
1024 2637 1213 2702 nobis
1253 2638 1427 2703 dicto
1467 2637 1799 2702 audientes
1837 2642 2008 2721 sunt,
2044 2657 2164 2704 eos
2207 2642 2403 2728 Syra-

367 2748 606 2793 cusano
654 2726 826 2790 dicto
873 2725 1206 2790 audientes
1254 2747 1395 2790 esse
1438 2725 1709 2790 iussisti.

497 2813 852 2900 Egreditur
894 2814 965 2878 in
1011 2811 1434 2899 Centuripina
1480 2813 1873 2897 quadriremi
1917 2812 2322 2885 Cleomenes
2368 2843 2401 2886 e

364 2907 585 2988 portu3
624 2902 928 2986 sequitur
971 2898 1332 2986 Segestana
1374 2901 1587 2986 navis,
1633 2901 2105 2987 Tyndaritana,
2152 2903 2398 2974 Herbi·
2418 2924 2455 2964 κ

366 2991 597 3075 tensiS,
659 2989 1125 3073 Heracliensis,
1178 2989 1695 3074 Apolloniensis,
1747 2988 2145 3075 Haluntina,
2203 3018 2397 3079 prae-

365 3079 544 3144 clara
606 3078 834 3144 classis
909 3077 1146 3161 speeie,
1218 3078 1332 3141 sed
1401 3077 1591 3162 inops
1656 3081 1723 3141 et
1787 3078 2047 3144 infirma
2111 3089 2398 3169 propter

367 3166 811 3232 dimissionem
836 3167 1399 3251 propugnatorum
1436 3165 1632 3248 atque
1666 3165 2004 3252 remigum.
2067 3166 2251 3236 Tam
2292 3174 2394 3239 diu

363 3254 434 3318 in
494 3254 768 3340 imperio
832 3275 950 3319 suo
1014 3253 1290 3318 classem
1353 3253 1479 3317 iste
1541 3257 1807 3338 praetor
1864 3253 2150 3340 diligens
2208 3261 2396 3345 vidit,

366 3363 561 3424 quam
630 3341 741 3406 diu
808 3340 1173 3406 convivium
1242 3340 1378 3406 eius
1441 3340 2030 3427 flagitiosissimum
2092 3353 2395 3429 praeter.
2415 3361 2449 3404 s

363 3431 551 3491 vecta
605 3432 730 3510 est,
782 3429 922 3512 ipse
978 3432 1224 3512 autem,
1288 3429 1400 3512 qui
1452 3429 1630 3494 visus
1685 3429 1915 3495 multis
1967 3431 2204 3498 diebus
2266 3458 2396 3503 non

366 3516 564 3590 esset,
615 3516 759 3578 tum
814 3535 882 3578 se
937 3519 1159 3580 tamen
1206 3516 1278 3581 in
1324 3520 1739 3600 conspectum
1783 3519 2002 3583 nautis
2049 3523 2395 3610 paulisper
