2566 4016
344 208 476 272 478
953 203 1034 258 IN
1071 203 1130 258 C.
1158 202 1469 258 VERREM
1506 203 1667 259 ACT.
1704 203 1774 257 Π.

345 351 457 435 qui
510 349 759 434 dicunt,
809 349 936 414 hoc
982 344 1393 428 Netinorum·
1427 346 1762 412 foederata
1808 346 2049 412 ‘civitas
2102 349 2381 431 publice

345 438 519 523 dicit,
549 438 675 504 hoc
694 436 1144 520 Amestratini,
1179 436 1305 501 hoc
1330 432 1775 519 Herbitenses,
1807 424 1936 501 hoc
1961 433 2380 522 Hennenses,

344 526 805 613 Agyrinenses,
849 524 1274 610 Tyndaritani
1310 523 1569 609 publice
1607 523 1849 609 dicunt,
1893 527 2047 588 tuus
2085 523 2380 608 denique

343 616 563 701 testis,
632 619 784 679 tuus
845 612 1227 697 imperator,
1298 615 1450 677 tuus
1516 611 1836 696 aemulus,
1905 614 2060 676 tuus
2124 611 2379 698 hospes

346 701 724 769 Cleomenes
778 702 904 766 hoc
957 700 1140 785 dicit,
1196 714 1336 765 sese
1388 699 1461 763 in
1511 703 1759 764 terram
1815 713 1957 763 esse
2007 714 2380 786 egressum,
2403 719 2431 760 s

343 795 420 856 ut
481 790 786 874 Pachyno
845 811 881 854 e
942 787 1241 854 terrestri
1304 786 1630 872 praesidio
1694 786 1938 852 milites
2000 787 2380 874 colligeret,

347 898 509 964 quos
563 879 634 943 in
684 877 962 943 navibus
1018 877 1398 959 collocaret3
1453 875 1626 960 quod
1680 878 1853 942 certe
1905 894 2040 940 non
2082 875 2381 961 fecisset,

348 968 404 1031 si
450 986 638 1030 suum
680 986 1024 1031 numerum
1066 982 1265 1030 naves
1312 963 1658 1046 haberent3
1703 984 1781 1028 ea
1825 967 1926 1028 est
1973 963 2150 1029 enim
2197 965 2380 1030 ratio

344 1055 809 1119 instructarum
881 1055 1386 1135 ornatarumque
1456 1050 1751 1135 navium,
1819 1054 1899 1116 ut
1966 1070 2100 1116 non
2175 1053 2380 1118 modo

242 1156 345 1206 134
378 1142 619 1227 plures,
645 1142 777 1208 *sed
812 1162 895 1207 ne
932 1140 1176 1226 singuli
1211 1139 1471 1224 quidem
1507 1139 1766 1224 possint
1803 1139 2123 1205 accedere.
2204 1136 2379 1207 Dico
2403 1159 2446 1200 ιο

345 1235 683 1315 praeterea
708 1231 859 1294 illos
887 1229 1066 1314 ipsos
1102 1228 1389 1312 reliquos
1425 1231 1662 1309 nautas
1695 1227 1871 1292 fame
1908 1231 2104 1312 atque
2143 1228 2381 1315 inopia

344 1340 561 1384 rerum
605 1319 896 1384 omnium
941 1316 1273 1383 confectos
1310 1315 1519 1381 ‘fuisse
1565 1332 1641 1380 ac
1685 1315 2005 1399 perditos,
2054 1315 2211 1382 dico
2261 1322 2381 1383 aut

346 1408 556 1471 omnis
620 1409 805 1471 extra
867 1406 1127 1489 culpam
1187 1404 1403 1485 fuisse·
1450 1407 1593 1488 aut,
1656 1404 1714 1468 si
1766 1404 1880 1468 uni
1935 1404 2379 1472 adtribuenda

346 1494 535 1577 culpa
571 1493 675 1577 sit,
709 1493 791 1555 in
809 1512 904 1569 eo
941 1492 1294 1567 maximam
1328 1491 1549 1575 fuisse,
1595 1492 1708 1575 qui
1748 1491 2066 1576 optimam
2109 1510 2379 1579 navem,

343 1581 660 1666 plurimos
687 1583 923 1644 nautas
951 1579 1241 1663 haberet,
1280 1601 1607 1644 summum
1633 1579 1980 1665 imperium
2016 1581 2379 1668 optineret,
2403 1598 2445 1640 υ

347 1673 486 1752 aut,
542 1668 599 1733 si
645 1684 868 1733 omnes
913 1667 984 1732 in
1028 1667 1221 1753 culpa
1263 1667 1535 1753 fuerint,
1588 1682 1722 1732 non
1762 1668 2136 1753 oportuisse
2189 1667 2379 1737 Cleo-

344 1778 578 1823 menen
648 1756 959 1822 constitui
1030 1759 1464 1841 spectatorem
1533 1755 1800 1823 illorum
1871 1756 2107 1821 mortis
2175 1763 2380 1844 atque

345 1846 685 1930 cruciatus,
723 1844 866 1911 dico
902 1844 1101 1910 etiam
1137 1845 1208 1909 in
1242 1845 1386 1929 ipso
1425 1844 1744 1929 supplicio
1780 1845 2143 1910 mercedem
2183 1847 2380 1912 lacri-

345 1952 627 2020 marum,
685 1933 1044 1999 mercedem
1095 1932 1380 1997 volneris
1435 1935 1631 2017 atque
1684 1933 1949 2020 plagae,
1999 1935 2380 2000 mercedem

241 2026 356 2077 135·
370 2022 618 2088 funeris
638 2039 713 2088 ac
741 2023 1113 2107 sepulturae
1133 2020 1445 2086 constitui
1469 2020 1653 2086 nefas
1666 2020 1889 2088 fuisse.
1931 2019 2380 2110 Quapropter,
2400 2042 2446 2082 a

347 2111 405 2175 si
466 2110 631 2175 mihi
693 2109 1078 2195 respondere
1138 2109 1347 2193 voles,
1411 2109 1572 2174 haec
1636 2109 1858 2194 dicito,
1926 2110 2214 2176 classem
2280 2114 2381 2178 in·

346 2202 664 2264 structam
693 2202 888 2282 atque
922 2201 1221 2263 ornatam
1254 2197 1479 2282 fuisse,
1511 2197 1768 2280 nullum
1803 2203 2382 2285 propugnatorem

347 2286 617 2371 afuisse,
674 2287 931 2351 nullum
992 2307 1266 2352 vacuum
1328 2288 1612 2350 tractum
1674 2304 1818 2350 esse
1878 2306 2161 2371 remum,
2230 2310 2381 2355 rem

344 2374 839 2439 frumentariam
900 2391 1040 2438 esse
1095 2374 1606 2458 suppeditatam;
1662 2372 1925 2439 mentiri
1976 2377 2381 2462 nauarchos,

346 2461 609 2526 mentiri
660 2463 764 2524 tot
817 2464 957 2525 tam
1012 2480 1245 2546 graves
1301 2461 1630 2545 civitates,
1692 2461 1955 2527 mentiri
2002 2462 2220 2528 ‘etiam
2279 2464 2380 2531 Si·
2403 2483 2451 2523 ns

345 2548 564 2613 ciliam
615 2551 854 2633 totam3
906 2548 1237 2633 proditum
1286 2567 1433 2614 esse
1485 2553 1555 2613 te
1609 2571 1650 2613 a
1692 2548 2067 2635 Cleomene,
2123 2553 2249 2635 qui
2305 2576 2382 2620 se

345 2636 581 2702 dixerit
608 2635 816 2702 exisse
841 2637 914 2701 in
946 2640 1209 2721 terram,
1253 2640 1330 2702 ut
1364 2636 1672 2721 Pachyno
1708 2637 2051 2702 deduceret
2084 2640 2384 2726 milites;

346 2725 633 2795 animum
660 2725 814 2809 illis,
839 2746 974 2790 non
1000 2725 1219 2809 copias
1249 2724 1558 2810 defuisse3
1586 2723 2000 2791 Cleomenem
2027 2747 2385 2796 acerrume

342 2818 746 2900 pugnantem
782 2813 983 2878 abiis
1020 2813 1322 2878 relictum
1359 2833 1501 2878 esse
1539 2816 1733 2897 atque
1780 2806 2134 2898 desertum3
2181 2837 2384 2882 num-

343 2924 523 2967 mum
586 2903 672 2968 ob
736 2902 1139 2987 sepulturam
1194 2901 1418 2966 datum
1469 2901 1731 2966 nemini.
1822 2902 2000 2978 Quae
2055 2902 2115 2966 si
2171 2903 2383 2991 dices,
2407 2923 2453 2964 a

343 2991 673 3075 tenebere3
731 2990 835 3054 sin
889 2989 1020 3055 alia
1071 2988 1272 3073 dices,
1327 3010 1430 3075 ea,
1486 3010 1651 3075 quae
1706 3011 1748 3054 a
1798 3010 1905 3055 me
1959 2990 2133 3056 dicta
2193 2999 2383 3079 sunt,

237 3127 326 3193 52
343 3099 478 3144 non
519 3078 886 3150 refutabis„

239 3206 342 3256 136
475 3166 602 3232 Hic
652 3170 728 3231 tu
778 3165 977 3231 etiam
1022 3165 1230 3231 dicere
1277 3164 1570 3230 audebis:
1626 3164 1799 3231 ‘Est
1844 3165 1923 3230 in
1967 3164 2383 3234 iudicibus

341 3255 484 3321 ille
517 3254 941 3323 familiaris
976 3271 1211 3337 meus,
1257 3257 1379 3336 est
1420 3257 1790 3339 paternus
1838 3253 2129 3319 amicus
2176 3255 2383 3323 ille?

342 3342 512 3425 Non,
555 3346 631 3406 ut
676 3342 945 3427 quisque
990 3342 1270 3406 maxime
1316 3344 1435 3425 est,
1485 3342 1744 3426 quicum
1788 3341 1912 3408 tibi
1959 3341 2215 3425 aliquid
2263 3346 2383 3429 sit,
2408 3360 2453 3402 a

342 3429 440 3493 ita
492 3431 560 3492 te
610 3430 685 3493 in
735 3429 1000 3495 huiusce
1056 3430 1233 3494 modi
1287 3429 1554 3495 crimine
1605 3430 1882 3495 maxime
1929 3430 2065 3496 eius
2113 3432 2383 3515 pudet?

346 3512 757 3581 ‘Paternus
796 3518 1086 3583 amicus
1125 3516 1283 3582 est?
1356 3516 1507 3602 Ipse
1544 3522 1732 3601 pater
1770 3518 1827 3583 si
1864 3516 2204 3598 iudicaret,
2252 3543 2383 3606 per
