2566 4016
302 187 435 251 334
903 182 983 237 IN
1022 181 1078 237 C.
1108 182 1419 236 VERREM
1453 180 1608 237 ACT.
1645 183 1712 236 Il.

300 329 432 394 iam
473 328 724 412 pridem
771 328 855 392 ad
900 328 1142 392 crimen
1190 326 1476 411 aliquam
1523 325 1959 391 defensionem
2004 326 2321 392 libertum

303 416 653 501 quaerere?
721 415 1023 480 Libertus
1063 418 1129 479 et
1166 437 1470 481 accensus
1509 418 1660 479 tuus
1698 417 1765 479 et
1800 413 1925 478 tibi
1971 435 2047 480 ac
2092 414 2319 479 liberis

300 505 431 570 tuis
498 503 799 569 omnibus
862 505 932 568 in
994 504 1187 568 rebus
1251 503 1631 569 coniunctus
1697 524 1771 567 ac
1825 503 2179 586 proxumus
2237 504 2320 567 ad

302 593 667 677 Apronium
710 592 963 676 scribit,
1010 593 1207 678 volgo
1256 612 1398 655 esse
1444 591 1526 656 ab
1576 590 1873 655 omnibus
1918 590 2015 656 ita
2061 591 2313 655 demon-

303 684 584 745 stratum
645 680 941 763 Metello,
1003 679 1129 744 tibi
1174 678 1539 763 Apronium
1605 678 1850 743 socium
1908 678 1978 742 in
2034 678 2313 744 decumis
2340 695 2368 736 ⁵

298 768 520 834 fuisse.
626 766 768 833 Fac
844 784 1042 833 scum
1114 783 1643 832 mPRom‘rA'rEM
1708 784 2115 850 ARATORUM3
2184 784 2320 833 11>s1

302 873 704 939 summum,
749 873 813 920 sl
854 873 932 921 m
977 872 1278 921 vomm'r.
1365 854 1551 931 Quod
1595 854 1791 939 istuc,
1835 876 1952 939 per
1998 854 2150 919 deos
2196 855 2320 920 im-

303 943 625 1027 mortalis,
690 947 805 1009 aut
861 966 989 1028 qua
1036 943 1121 1009 ,de
1176 964 1372 1008 causa
1428 942 1782 1008 excitatum
1838 964 1977 1007 esse
2031 942 2319 1008 dicamus

299 1033 370 1097 in
406 1035 697 1096 aratores
736 1035 874 1097 tam
909 1030 1219 1096 infestum
1258 1030 1477 1095 odium
1516 1034 1710 1114 atque
1755 1031 2058 1095 tantum?
2105 1029 2321 1105 Quan-

299 1123 440 1184 tam
502 1119 808 1185 iniuriam
859 1118 1153 1184 fecerunt
1198 1118 1392 1183 Verri
1446 1121 1767 1203 aratores,
1822 1122 1898 1183 ut
1952 1139 2062 1184 eos
2119 1118 2320 1184 etiam
2348 1136 2407 1178 10

299 1208 576 1273 libertus
631 1212 697 1272 et
752 1229 1058 1274 accensus
1104 1207 1241 1272 eius
1288 1210 1427 1271 tam
1473 1206 1643 1271 irato
1691 1205 1907 1271 animo
1955 1228 2031 1272 ac
2075 1207 2319 1272 litteris

298 1296 723 1380 insequatur?
800 1312 804 1315 *

194 1383 280 1448 68
432 1383 660 1467 Neque
698 1405 819 1470 ego
862 1384 1054 1448 huius
1098 1383 1365 1469 fugitivi
1409 1382 1615 1466 vobis,
1660 1382 1920 1466 iudices,
1966 1382 2321 1466 epistulam

299 1471 701 1554 recitassem,
764 1471 893 1535 nisi
950 1471 1049 1535 uti
1104 1492 1180 1535 ex
1237 1491 1313 1535 ea
1367 1470 1571 1535 totius
1625 1469 1916 1537 familiae
1968 1475 2320 1556 praecepta

301 1562 366 1624 et
411 1558 715 1623 instituta
760 1561 826 1622 et
872 1557 1283 1642 disciplinam
1327 1558 1822 1643 cognosceretis.
1904 1557 2186 1643 Videtis,
2241 1563 2320 1625 ut
2347 1577 2404 1619 ιε

300 1649 563 1712 moneat
598 1645 990 1731 Apronium,
1046 1645 1279 1730 quibus
1327 1646 1520 1711 rebus
1568 1668 1642 1711 ac
1685 1646 2060 1712 muneribus
2110 1668 2178 1713 se
2223 1647 2320 1712 in-

301 1735 514 1799 sinuet
552 1735 622 1799 in
666 1734 1183 1800 familiaritatem
1227 1734 1497 1818 Metelli,
1541 1733 1877 1800 Volteium
1923 1740 2319 1821 corrumpat,

301 1823 548 1890 scribas
586 1844 1013 1907 accensosque
1048 1822 1260 1908 pretio
1308 1823 1603 1906 deliniat3
1649 1845 1725 1888 ea
1768 1823 2104 1908 praecipit,
2152 1846 2319 1908 quae

299 1912 490 1996 vidit,
536 1933 613 1978 ea
657 1915 879 1977 monet
924 1910 1208 1976 alienum
1253 1910 1611 1993 hominem,
1658 1933 1823 1995 quae
1870 1910 2045 1976 domi
2092 1911 2320 1976 didicit

298 2000 467 2085 ipse;
513 2023 736 2066 verum
771 2001 841 2065 in
876 1999 1001 2066 hoc
1046 2003 1222 2065 errat
1266 2022 1416 2085 uno,
1463 1998 1634 2085 quod
1679 1999 2011 2066 existimat
2058 1999 2320 2067 easdem
2347 2020 2406 2061 πο

197 2100 298 2151 158
336 2089 475 2154 vias
522 2090 604 2154 ad
650 2090 939 2154 omnium
983 2088 1468 2154 familiaritates
1515 2109 1655 2153 esse
1700 2088 2004 2154 munitas.
2077 2088 2321 2163 Quam-

301 2198 494 2261 quam
549 2178 782 2242 merito
841 2198 982 2240 sum
1037 2177 1244 2240 iratus
1290 2175 1587 2259 Metello,
1641 2179 1864 2241 tamen
1907 2176 2093 2260 haec,
2150 2200 2321 2262 quae

297 2286 454 2329 vera
526 2268 705 2348 sunt,
778 2263 1005 2328 dicam.
1104 2262 1435 2348 Apronius
1500 2265 1714 2348 ipsum
1779 2263 2117 2329 Metellum
2180 2288 2323 2331 non

297 2352 537 2437 pretio,
599 2355 674 2417 ut
719 2349 1017 2435 Verrem,
1080 2372 1214 2415 non
1266 2352 1591 2436 convivio,
1644 2374 1779 2417 non
1832 2353 2127 2437 muliere,
2182 2376 2322 2419 non

299 2459 596 2503 sermone
658 2438 912 2523 impuro
977 2442 1172 2522 atque
1234 2439 1536 2524 improbo
1601 2444 1825 2524 posset
1884 2463 2320 2527 corrumpere,
2348 2461 2403 2502 85

301 2526 533 2611 quibus
596 2525 790 2592 rebus
851 2547 985 2592 non
1049 2526 1292 2592 sensim
1351 2532 1544 2612 atque
1600 2528 1930 2594 moderate
1986 2528 2069 2595 ad
2119 2529 2320 2596 istius

299 2614 652 2681 amicitiam
716 2614 1117 2700 adrepserat,
1181 2616 1296 2682 sed
1348 2616 1531 2681 brevi
1586 2620 1877 2701 tempore
1931 2621 2146 2682 totum
2201 2618 2321 2685 ho-

298 2704 540 2770 minem
575 2706 911 2790 totamque
949 2704 1085 2768 eius
1121 2709 1497 2790 praeturam
1532 2705 1936 2789 possederat3
1978 2705 2320 2773 cohortem

299 2796 517 2858 autem
561 2790 839 2877 Metelli,
895 2814 1090 2876 quam
1143 2796 1361 2876 vocat,
1418 2792 1572 2876 quid
1625 2796 1766 2858 erat
1813 2794 1985 2877 quod
2029 2815 2320 2860 corrum-

297 2885 508 2966 peret,
555 2903 631 2945 ex
674 2903 802 2965 qua
845 2884 1331 2965 recuperatores
1375 2881 1445 2945 in
1490 2884 1816 2952 aratorem
1860 2881 2028 2946 nulli
2073 2882 2318 2948 daban·
2345 2901 2403 2943 ³⁰

196 2979 295 3029 159
333 2969 485 3034 tur?
566 2967 739 3035 Nam
795 2969 967 3054 quod
1013 2968 1239 3033 scribit
1283 2969 1537 3033 Metelli
1580 2969 1789 3034 filium
1832 2991 2106 3055 puerum
2152 2991 2317 3055 esse,

295 3057 712 3122 vehementer
739 3061 942 3141 errat3
977 3079 1111 3124 non
1138 3058 1310 3122 enim
1343 3057 1427 3123 ad
1465 3078 1687 3121 omnes
1723 3061 2101 3142 praetorum
2138 3058 2318 3125 filios

296 3145 467 3209 idem
513 3145 728 3209 aditus
775 3149 943 3210 sunt.
1015 3144 1070 3210 O
1108 3144 1535 3229 Timarchide,
1579 3145 1831 3212 Metelli
1876 3150 1977 3212 est
2021 3146 2197 3211 filius
2245 3147 2319 3211 in

295 3232 629 3315 provincia
672 3255 805 3298 non
849 3254 1034 3318 puer,
1090 3233 1202 3299 sed
1247 3233 1621 3299 adulescens
1668 3235 1876 3299 bonus
1924 3256 1999 3299 ac
2042 3235 2316 3319 pudone,

298 3316 531 3400 dignus
594 3320 710 3385 illo
775 3321 920 3386 loco
985 3343 1059 3387 ac
1121 3323 1409 3405 nomine3
1472 3325 1687 3387 vester
1741 3322 1865 3387 iste
1918 3344 2079 3408 puer
2129 3345 2314 3408 prae·
2343 3340 2397 3381 ³⁶

196 3423 205 3430 ·
296 3405 584 3497 textatus
638 3408 706 3470 in
756 3410 1089 3492 provincia
1136 3433 1327 3495 quem
1374 3410 1456 3475 ad
1503 3410 1764 3476 modum
1809 3410 2067 3495 fuisset,
2125 3413 2312 3493 [non]

300 3483 593 3572 dicerem,
641 3494 697 3555 si
730 3497 916 3577 pueri
953 3519 1092 3563 esse
1129 3500 1316 3564 illam
1353 3498 1611 3584 culpam
1655 3522 1728 3565 ac
1774 3520 1905 3565 non
1950 3499 2161 3584 patris
2209 3521 2314 3564 ex-
