2566 4016
735 227 871 281 LIB.
910 228 936 280 1
1001 227 1155 284 CAP.
1195 234 1405 283 20-22
1444 234 1475 294 ς
1512 234 1738 284 54—69.
2128 227 2255 293 161

224 370 735 541 3325111‘3252215
781 371 1708 525 ΐέἒὲιὲῗέιίῗᾞῑξθὶἔοῖῗὲ
1737 373 2254 563 ffifflgaez

223 554 489 615 tuorum
534 547 726 612 tectis
772 569 907 612 non
949 569 1322 631 possumus3
1372 547 1443 611 P.
1490 545 1802 613 Servilius
1850 570 2016 632 quae
2063 549 2253 634 signa

226 642 422 721 atque
469 639 855 701 ornamenta
900 657 979 700 ex
1023 637 1183 701 urbe
1227 598 1519 701 ho⁷stium
1564 636 1630 701 vi
1675 640 1743 700 et
1778 636 2023 701 virtute
2059 641 2255 720 capta
2380 639 2387 646 ’

171 745 198 784 ⁵
225 725 389 790 belli
432 725 578 810 lege
625 729 822 815 atque
866 724 1288 808 imperatorio
1334 725 1475 789 iure
1521 724 1815 808 sustulit,
1877 747 1953 789 ea
2006 726 2253 809 populo

226 814 525 878 Romano
562 807 955 896 apportavit,
999 833 1117 896 per
1152 813 1558 896 triumphum
1602 813 1797 898 vexit,
1851 813 1947 894 [in
1990 813 2253 879 tabulas

225 900 548 985 publicas]
579 901 662 965 ad
691 901 1013 965 aerarium
1041 901 1499 984 perscribenda
1533 901 1803 967 curavit.
1866 900 1959 968 Co
1964 903 2254 988 gnoscite

228 1011 305 1054 ex
373 989 614 1054 litteris
678 989 958 1073 publicis
1021 989 1304 1054 hominis
1370 990 1762 1074 amplissimi
1826 924 2254 1076 diliginntiam.

227 1076 473 1143 Recita.
565 1076 927 1143 RA‘rloims
974 1094 1297 1142 RELATAE
1343 1076 1413 1141 P
1452 1075 1994 1144 SERv1L1.Non
2041 1079 2254 1143 solum

147 1184 203 1224 ιο
227 1187 569 1230 numerum
616 1165 970 1251 signorum,
1017 1165 1129 1230 sed
1175 1166 1375 1230 etiam
1418 1167 1610 1231 unius
1655 1166 1964 1249 cuiusque
2002 1166 2255 1251 magni-

228 1254 537 1337 tudinem,
581 1254 880 1339 figuram,
925 1257 1172 1319 statum
1219 1253 1458 1318 litteris
1502 1253 1754 1318 definiri
1790 1254 1987 1319 vides.
2062 1251 2255 1318 Certe

230 1341 439 1405 maior
494 1345 593 1406 est
648 1342 912 1407 virtutis
967 1342 1407 1425 victoriaeque
1460 1341 1826 1406 iucunditas
1881 1363 2078 1425 quam
2123 1341 2255 1406 ista

228 1430 557 1513 voluptas,
632 1451 796 1514 quae
858 1430 1214 1514 percipitur
1278 1451 1358 1494 ex
1416 1429 1684 1494 libidine
1750 1434 1817 1494 et
1881 1429 2255 1513 cupiditate.

227 1516 435 1583 Multo
492 1518 871 1604 diligentius
916 1519 1157 1583 habere
1203 1518 1347 1584 dico
1395 1517 1742 1583 Servilium
1786 1518 2094 1602 praedam
2138 1540 2251 1602 po-

148 1624 202 1665 15
228 1607 366 1690 puli
420 1605 702 1672 Romani
765 1629 962 1691 quam
1024 1610 1091 1672 te
1156 1610 1272 1672 tua
1333 1606 1511 1672 furta
1573 1610 1806 1672 notata
1860 1611 2055 1690 atque
2110 1629 2254 1691 per-

230 1695 355 1761 scri
400 1698 488 1759 ta.

355 1717 555 1847 ibices
592 1786 707 1848 tua
743 1803 996 1867 quoque
1027 1782 1216 1868 signa
1243 1786 1310 1846 et
1338 1784 1600 1848 tabulas
1629 1783 1839 1865 pictas
1870 1786 2251 1847 ornamento
2272 1760 2359 1884 252

230 1869 381 1934 urbi
448 1869 719 1954 foroque
790 1871 1018 1956 populi
1078 1867 1360 1935 Romani
1429 1870 1648 1934 fuisse.
1755 1869 2048 1953 Memini3
2121 1840 2321 1934 vidi⁵

233 1957 430 2023 simul
476 1980 620 2024 cum
665 1960 907 2044 populo
953 1958 1249 2025 Romano
1296 1956 1513 2023 forum
1557 1957 2021 2041 comitiumque
2071 1957 2255 2024 ador-

142 2066 203 2108 no
230 2050 458 2112 natum
504 2048 586 2113 ad
631 2050 910 2134 speciem
957 2047 1304 2133 magnifico
1352 2051 1604 2129 ornatu,
1651 2045 1732 2110 ad
1780 2062 2039 2110 sensum
2082 2046 2254 2131 cog-i-

228 2136 673 2222 tationemque
730 2137 964 2202 acerbo
1020 2139 1086 2201 et
1141 2135 1433 2219 lugubri3
1491 2134 1624 2200 vidi
1670 2134 1988 2199 collucere
2035 2135 2254 2199 omnia

231 2224 419 2289 furtis
465 2226 626 2311 tuis,
675 2225 918 2309 praeda
960 2223 1467 2309 provinciarum,
1514 2223 1745 2306 spoliis
1793 2222 2115 2288 sociorum
2161 2227 2255 2287 at-

231 2334 353 2396 que
408 2314 784 2380 amicorum.
884 2311 1025 2388 Quo
1091 2311 1350 2396 quidem
1415 2314 1735 2395 tempore,
1796 2311 2066 2396 iudices,
2127 2312 2255 2377 iste

230 2423 410 2486 spem
457 2402 811 2468 maximam
849 2401 1249 2484 reliquorum
1286 2421 1542 2484 quoque
1579 2403 1991 2484 peccatorum
2023 2405 2255 2467 nactus

144 2506 203 2550 25
231 2493 356 2573 est3
409 2491 576 2556 vidit
631 2491 804 2556 enim
850 2511 990 2572 eos,
1046 2489 1158 2572 qui
1210 2488 1595 2553 iudiciorum
1651 2510 1719 2553 se
1777 2489 2072 2554 dominos
2131 2490 2257 2555 dici

228 2579 557 2661 volebant,
604 2579 841 2644 harum
886 2576 1318 2661 cupiditatum
1362 2597 1504 2640 esse
1550 2597 1791 2643 servos.
1881 2574 2055 2643 Socii
2098 2599 2253 2643 vero
2291 2597 2358 2645 59

227 2667 655 2748 nationesque
693 2672 952 2731 exterae
989 2687 1172 2750 spem
1208 2686 1469 2729 omnem
1512 2668 1656 2730 tum
1699 2665 1983 2750 primum
2012 2664 2255 2729 abiece-

230 2755 387 2816 runt
439 2773 656 2817 rerum
709 2777 785 2820 ac
837 2754 1248 2819 fortunarum
1313 2774 1608 2837 suarum,
1668 2757 2019 2836 propterea
2084 2751 2256 2835 quod

232 2861 388 2906 casu
462 2840 667 2924 legati
738 2863 816 2906 ex
878 2842 1041 2907 Asia
1104 2845 1300 2925 atque
1363 2840 1617 2906 Achaia
1677 2840 1945 2925 plurimi
2007 2839 2255 2904 Romae

147 2949 203 2990 so
231 2934 388 2994 tunc
431 2927 715 3013 fuerunt,
760 2930 872 3012 qui
917 2930 1183 2995 deorum
1228 2930 1576 2995 simulacra
1621 2950 1700 2993 ex
1737 2928 1872 2993 suis
1910 2927 2080 2992 fanis
2109 2927 2256 2991 sub·

231 3019 372 3083 lata
425 3017 495 3082 in
549 3016 693 3081 foro
747 3019 1253 3101 venerabantur,
1315 3018 1600 3101 itemque
1656 3020 1871 3081 cetera
1935 3016 2127 3100 signa
2190 3019 2256 3079 et

231 3110 618 3172 ornamenta
662 3127 810 3172 cum
857 3110 1347 3191 cognoscerent,
1410 3105 1543 3170 alia
1589 3104 1718 3169 alio
1762 3105 1838 3168 in
1879 3104 2023 3169 loco
2070 3103 2257 3168 lacri-

231 3199 485 3260 mantes
518 3195 959 3260 intuebantur.
1032 3193 1321 3270 Quorum
1358 3193 1647 3258 omnium
1680 3193 1854 3257 hunc
1893 3212 2255 3257 sermonem

234 3286 373 3348 tum
448 3305 590 3349 esse
664 3282 1112 3365 audiebamus,
1182 3282 1349 3346 nihil
1423 3303 1591 3364 esse,
1668 3280 1841 3364 quod
1911 3279 2256 3364 quisquam

147 3388 205 3429 ³⁵
232 3371 560 3437 dubitaret
616 3372 694 3437 de
751 3370 950 3437 exitio
1012 3371 1336 3436 sociorum
1400 3374 1596 3454 atque
1661 3368 2045 3452 amicorum,
2109 3391 2257 3434 cum

234 3460 488 3541 quidem
536 3460 829 3526 viderent
873 3460 943 3524 in
987 3459 1133 3524 foro
1179 3458 1407 3544 populi
1453 3456 1758 3539 Romani,
1822 3480 1949 3542 quo
1995 3457 2066 3523 in
2111 3459 2254 3525 loco

233 3550 444 3631 antea,
489 3549 600 3632 qui
639 3550 830 3616 sociis
867 3547 1139 3612 iniurias
1174 3546 1484 3631 fecerant,
1530 3546 1821 3613 accusari
1858 3550 1923 3611 et
1962 3547 2257 3613 condem-

340 3657 447 3700 cro.
474 3660 537 3700 11.
585 3664 620 3702 1.
1761 3657 1824 3706 11
