2566 4016
375 211 510 277 384
968 209 1046 263 IN
1085 209 1141 264 ο.
1179 208 1489 264 VERREM
1524 207 1683 263 Ac‘r.
1721 182 1789 262 11.

379 354 779 421 abstinentia
805 354 1112 437 dixeram,
1148 353 1390 439 sigillis
1418 352 1661 418 avulsis
1690 352 2015 437 reliquum
2048 348 2388 437 argentum

271 461 339 511 49
379 445 516 510 sine
543 444 682 508 ulla
710 443 991 509 avaritia
1026 442 1323 506 reddidit.
1387 439 1597 515 Quid?
1644 439 2008 524 Eupolemo
2038 438 2389 525 Calactino,

190 585 241 591 „
376 532 627 598 homini
665 532 888 615 nobili,
931 530 1352 596 Lucullorum
1387 529 1634 613 hospiti
1676 552 1750 594 ac
1793 527 2236 614 perfamiliari,
2281 529 2389 613 qui

376 643 547 686 nunc
602 620 773 705 apud
827 619 1180 684 exercitum
1231 641 1379 684 cum
1423 617 1495 682 L.
1530 618 1802 683 Lucullo
1858 621 1984 701 est,
2038 637 2171 682 non
2222 617 2387 682 idem

376 710 576 776 fecit?
650 706 944 774 Cenabat
980 707 1151 792 apud
1189 728 1363 789 eum3
1410 711 1753 792 argentum
1791 706 1905 771 ille
1950 709 2237 770 ceterum
2280 729 2388 790 pu·
2415 728 2440 767 5

342 821 524 871 ‚rum
598 797 1012 880 adposuerat,
1082 817 1165 860 ne
1228 816 1429 879 purus
1492 794 1632 879 ipse
1694 794 2195 879 relinqueretur,
2266 795 2388 859 duo

379 887 614 971 pocula
675 906 810 949 non
873 905 1140 969 magna,
1202 904 1428 948 verum
1491 886 1714 947 tamen
1777 905 1925 947 cum
1988 882 2391 963 emblemate.

379 973 505 1038 Hic
541 977 879 1056 tamquam
913 972 1223 1037 festivom
1259 992 1577 1053 acroama,
1623 992 1704 1035 ne
1742 970 1880 1035 sine
1926 971 2270 1036 corollario
2318 971 2395 1035 de

380 1061 673 1127 convivio
704 1061 1073 1143 discederet,
1100 1059 1343 1124 ibidem
1372 1058 1660 1124 convivis
1690 1058 2133 1143 spectantibus
2161 1059 2397 1124 emble-

382 1153 562 1215 mata
607 1148 942 1215 evellenda
985 1148 1253 1214 curavit.
2427 1169 2469 1209 ιο

513 1237 742 1323 Neque
766 1259 887 1322 ego
915 1258 1084 1301 nunc
1111 1237 1302 1301 istius
1329 1234 1506 1300 facta
1531 1235 1749 1300 omnia
1776 1256 2152 1300 enumerare
2180 1256 2401 1321 conor,

380 1349 588 1411 neque
651 1348 813 1410 opus
868 1329 969 1389 est
1021 1346 1139 1390 nec
1190 1323 1335 1389 fieri
1388 1324 1525 1388 ullo
1580 1323 1772 1388 modo
1825 1327 2073 1407 potest3
2136 1327 2404 1389 tantum

381 1415 571 1479 unius
636 1415 943 1496 cuiusque
1007 1412 1084 1476 de
1137 1412 1322 1477 varia
1373 1411 1795 1495 improbitate
1851 1411 2105 1497 generis
2159 1411 2406 1478 indicia

383 1501 553 1586 apud
616 1522 735 1565 vos
799 1503 866 1564 et
929 1501 1224 1583 exempla
1286 1499 1566 1583 profero.
1665 1497 1892 1583 Neque
1953 1500 2125 1565 enim
2177 1500 2279 1565 ita
2337 1523 2406 1566 se

383 1589 589 1675 gessit
615 1588 685 1652 in
717 1588 821 1651 his
858 1588 1071 1671 rebus,
1108 1591 1447 1671 tamquam
1483 1587 1803 1652 rationem
1839 1587 2188 1671 aliquando
2227 1593 2410 1654 esset
2436 1609 2478 1650 15

380 1676 775 1760 reddituruS,
822 1675 934 1740 sed
978 1696 1244 1760 prorsus
1290 1675 1413 1759 ita,
1460 1675 1646 1759 quasi
1692 1678 1806 1740 aut
1850 1697 1997 1741 reus
2042 1699 2412 1761 numquam

383 1769 556 1831 esset
607 1765 866 1830 futurus
923 1767 1062 1847 aut,
1126 1785 1252 1848 quo
1308 1764 1500 1847 plura
1553 1764 1959 1853 abstulisset,
2018 1786 2093 1830 eo
2147 1766 2412 1832 minore

380 1854 670 1940 periculo
725 1853 795 1917 in
847 1853 1153 1918 iudicium
1207 1856 1517 1917 venturus
1574 1856 1772 1936 esset3
1827 1853 1939 1936 qui
1990 1852 2181 1939 haec,
2237 1876 2414 1939 quae

383 1943 551 2028 dico,
604 1943 738 2007 iam
791 1963 925 2007 non
979 1940 1253 2024 occulte,
1306 1962 1439 2006 non
1492 1962 1608 2026 per
1663 1940 1906 2006 amicos
1961 1945 2156 2027 atque
2207 1942 2416 2010 inter-

380 2035 626 2116 pretes,
682 2031 795 2096 sed
848 2030 1071 2116 palam
1125 2030 1202 2094 de
1256 2030 1401 2095 loco
1459 2029 1788 2114 superiore
1839 2035 2066 2115 ageret
2116 2053 2242 2115 pro
2295 2034 2417 2099 im-
2440 2051 2479 2091 a

278 2170 364 2235 23
383 2120 565 2204 perio
611 2124 680 2185 et
722 2122 1068 2204 potestate.
1148 2205 1161 2218 .

278 2248 346 2297 50
518 2206 818 2272 Catinam
846 2228 992 2270 cum
1020 2209 1322 2289 vemsset,
1350 2205 1660 2290 oppidum
1688 2206 1996 2290 locupleS,
2031 2206 2420 2293 honestum,

383 2295 746 2380 copiosum,
799 2292 1346 2377 Dionysiarchum
1402 2293 1484 2357 ad
1540 2315 1607 2357 se
1652 2315 2075 2380 proagorum,
2128 2294 2264 2361 hoc
2319 2303 2422 2363 est

383 2404 710 2448 summum
738 2380 1217 2466 magistratum,
1253 2380 1473 2445 vocari
1506 2380 1713 2465 iubet3
1751 2381 1811 2445 ei
1845 2382 2067 2467 palam
2101 2383 2422 2470 imperat,

383 2474 457 2534 ut
494 2491 683 2533 omne
722 2471 1085 2553 argentum,
1132 2468 1304 2552 quod
1341 2468 1514 2551 apud
1549 2492 1866 2554 quemque
1913 2474 2086 2535 esset
2114 2469 2423 2559 Catinae,
2442 2487 2478 2530 ¹⁵

368 2556 995 2711 'fggffiffingffiug
996 2561 1218 2709 ¹²31}ssss
1289 2557 2212 2713 essissssmffioffiiffindffim
2242 2561 2425 2665 Ph?

382 2738 552 2818 tute,
605 2734 903 2817 pecunia,
956 2667 1089 2797 nlon
1137 2694 1262 2800 ho’c
1273 2668 1477 2797 pidem
1522 2734 1807 2798 iuratum
1853 2668 2063 2800 dicegre
2108 2674 2428 2822 audiszzirs,

384 2822 515 2887 sihi
557 2822 759 2887 istum
800 2821 1138 2908 negotium
1183 2821 1433 2886 dedisse
1480 2825 1675 2906 atque
1719 2822 2094 2908 imperasse,
2140 2830 2221 2891 ut
2255 2826 2426 2893 Cen·

383 2910 716 2995 turipiniS,
769 2910 840 2974 in
885 2909 1148 2975 civitate
1194 2909 1397 2975 totius
1445 2906 1704 2975 Siciliae
1749 2912 1957 2976 multo
2004 2913 2316 2981 maxima
2362 2920 2426 2980 et
2448 2930 2489 2970 ³⁰

369 2998 926 3083 locupletissima,
982 3019 1171 3063 omne
1226 3001 1570 3083 argentum
1623 2998 2030 3083 conquireret
2084 3003 2155 3064 et
2208 3003 2311 3068 ad
2361 3025 2429 3069 se

384 3086 758 3171 conportari
817 3086 1112 3151 iuberet?
1201 3084 1454 3174 Agyrio
1520 3085 1821 3151 similiter
1879 3087 2072 3153 istius
2127 3088 2430 3176 imperio

383 3196 544 3238 vasa
571 3173 913 3240 Corinthia
939 3195 1057 3259 per
1073 3173 1567 3258 Apollodorum,
1605 3196 1796 3258 quem
1832 3178 2072 3241 testem
2108 3178 2435 3262 audistis,

280 3262 346 3311 51
387 3258 739 3344 Syracusas
811 3262 1156 3348 deportata
1219 3264 1389 3327 sunt.
1486 3260 1630 3333 Illa,
1674 3284 1828 3329 vero
1892 3267 2168 3349 optuma
2240 3270 2435 3350 [est],

387 3347 584 3443 quod,
638 3370 785 3414 cum
828 3348 1217 3415 Haluntium
1272 3350 1557 3416 venisset
1612 3357 1876 3436 praetor
1920 3352 2316 3422 laboriosus
2366 3360 2438 3422 et
2457 3367 2499 3410 ὥ

387 3430 690 3527 diligens,
742 3437 883 3520 ipse
932 3438 1004 3502 in
1048 3437 1359 3523 oppidum
1403 3439 1616 3504 noluit
1663 3440 1988 3524 accedere,
2043 3443 2226 3525 quod
2281 3449 2438 3511 erat

388 3513 634 3581 difficili
663 3541 932 3589 ascensu
961 3529 1156 3610 atque
1185 3526 1406 3609 arduo,
1425 3526 1922 3614 Archagathum
1948 3527 2444 3616 Haluntinum,
