2566 4016
923 218 1059 274 ΗΒ.
1096 219 1122 271 1
1159 218 1313 274 OAP.
1355 227 1383 276 1
1422 226 1452 286 s
1493 189 1636 289 1,‘2.
2162 222 2286 286 141

265 362 513 418 iudicem
549 360 701 430 apud
727 358 960 428 inferos,
988 362 1275 428 tamquam
1304 360 1355 415 si
1379 363 1605 431 praetor
1632 361 1708 417 sit
1727 375 1913 417 rerum
1943 362 2290 432 capitalium,

272 431 692 503 ‘quaesitorem’
718 430 992 504 appellat3
1023 430 1120 484 dat
1137 430 1218 485 ibi
1236 430 1603 498 sortitionem,
1631 431 1731 485 ubi
1751 433 1991 487 ‘urnam’
2021 433 2291 502 nominat,

265 504 367 558 dat
402 501 737 557 electionem
771 499 1043 567 iudicum,
1084 518 1210 555 cum
1246 500 1408 555 dicit:
1463 501 1782 564 ‘consilium
1817 504 2025 569 vocat',
2063 504 2163 562 dat
2198 520 2288 559 co-

350 574 581 628 ‘tionem
630 570 966 638 facinorum,
1013 586 1139 624 cum
1185 570 1348 625 dicit:
1402 571 1678 640 ‘vitasque
1716 575 1774 628 et
1811 572 2045 627 crimina
2080 573 2287 629 discit’.

316 660 419 714 rgo
456 643 550 697 hic
585 641 753 707 liber,
800 640 898 709 qui
934 641 1002 695 de
1040 643 1171 696 ante
1207 643 1336 696 acta
1369 641 1490 697 vita
1525 646 1634 710 est,
1683 644 1895 698 statum
1940 660 2166 698 necesse
2203 646 2290 698 est

270 712 704 769 coniecturalem
737 712 961 766 habeat.
1036 712 1237 781 Capita
1280 714 1494 779 autem,
1547 729 1688 782 quae
1732 712 1869 795 ipse*
1891 713 2108 769 'Pullius
2152 713 2292 769 fecit

269 784 571 842 dividendo
589 785 770 838 totam
806 783 951 837 hanc
985 782 1399 837 accusationem
1424 789 1460 851 †
1486 783 1547 837 in
1587 784 1869 854 legatione
1906 784 2088 840 vicem
2123 800 2288 854 quae·

270 857 478 923 sturae,
512 853 682 908 tertio
718 853 778 906 in
814 854 1077 922 praetura
1112 854 1339 907 urbana.
1406 851 1552 908 Nam
1589 871 1716 909 cum
1752 871 1941 910 omnes
1981 855 2100 910 eius
2129 856 2289 909 actus

307 926 603 979 uaesturae
645 922 895 988 nomine,
949 922 1276 993 legationis,
1332 927 1626 993 praeturae
1671 925 1939 991 urbanae,
1994 929 2288 995 praeturae

267 943 579 1050 gicih’ensis
614 992 1028 1063 quadripartita
1061 993 1332 1048 librorum
1368 994 1642 1050 divisione
1679 999 2110 1065 cognoscantur,
2159 998 2289 1050 ante

268 1069 399 1122 acta
443 1066 563 1120 eius
616 1064 807 1145 omnia
839 1064 948 1118 hoc
983 1063 1127 1118 libro
1165 1065 1568 1146 cpmprehensa
1603 1067 1735 1146 sunt
1770 1065 1843 1119 ad
1878 1082 2069 1148 eor-um
2103 1066 2287 1148 fldem,

269 1138 581 1262 ἓξὲξ-,ἓξὲξ
615 1135 777 1259 {¹1:³55
777 1134 1623 1286 ffissssigfflcffissgtffi?
1632 1136 2291 1287 ssbffessfflfflffi

272 1276 470 1330 adesse
503 1278 668 1344 atque
706 1275 1009 1340 defensum,
1047 1292 1109 1328 m
1144 1275 1532 1329 exhortatione
1570 1276 1817 1329 iudicum
1853 1277 1924 1329 ad
1960 1278 2111 1330 recte
2147 1274 2289 1328 iudi-

273 1346 537 1412 candum‚
595 1348 718 1400 tum
772 1345 833 1399 in
883 1344 1052 1399 minis
1107 1348 1305 1399 contra
1358 1345 1705 1399 adversarios
1762 1348 1819 1400 et
1866 1346 1926 1400 in
1980 1345 2293 1400 exhibenda

272 1416 490 1479 ratione
528 1416 702 1471 officii
736 1416 838 1482 sui,
877 1433 975 1469 cur
1009 1415 1094 1476 ita
1126 1415 1392 1472 maluerit
1428 1431 1714 1483 accusare,
1752 1418 1818 1470 ut
1850 1417 2034 1486 prima
2068 1416 2291 1471 actione

269 1489 494 1542 tantum
528 1486 768 1541 testibus
805 1488 1082 1553 uteretur;
1122 1502 1264 1554 quae
1302 1485 1489 1541 omnia
1524 1486 1642 1541 eius
1678 1487 1834 1542 modi
1868 1490 2023 1556 sunt,
2038 1490 2135 1553 „ut
2180 1504 2293 1542 non

269 1562 390 1613 tam
437 1574 588 1612 nova
624 1556 807 1610 dicere
846 1572 1013 1624 quam
1058 1554 1211 1610 dicta
1245 1555 1380 1610 libri
1417 1555 1718 1627 superioris
1755 1557 2066 1618 instaurare
2103 1557 2291 1613 videa-

270 1631 376 1683 tur.
460 1628 599 1682 Post
646 1628 787 1680 haec
842 1625 1033 1680 omnia
1080 1625 1259 1695 ipsius
1317 1625 1597 1682 Ciceronis
1652 1644 1752 1697 per
1804 1630 2045 1683 honores
2098 1627 2292 1683 Verris

271 1715 400 1754 cum
454 1696 783 1752 criminibus
826 1695 1049 1751 iunctos
1086 1696 1292 1751 divisio
1326 1713 1429 1766 per
1463 1697 1715 1751 ordinem
1749 1700 2065 1769 temporum
2101 1699 2290 1753 currit.

408 1944 751 2011 Neminem
785 1949 1076 2012 vestrum
1115 1947 1421 2032 ignorare
1467 1945 1769 2028 arbitror,
1813 1945 2073 2024 iudices,
2119 1945 2293 2013 hunc
2331 1919 2368 2045 ἒ

272 2055 391 2121 per
435 2033 631 2100 hosce
677 2034 810 2099 dies
858 2056 1220 2099 sermonem
1267 2033 1451 2118 vulgi
1488 2037 1683 2117 atque
1720 2033 1888 2098 hanc
1924 2033 2291 2118 opinionem

269 2123 501 2210 populi
553 2122 835 2187 Romani
885 2122 1112 2206 fuisse,
1175 2121 1244 2187 O.
1300 2121 1572 2187 Verrem
1627 2122 1836 2185 altera
1891 2121 2143 2186 actione
2197 2143 2294 2186 re-

273 2233 665 2297 sponsurum
722 2231 857 2275 non
913 2231 1054 2275 esse
1115 2231 1323 2294 neque
1387 2209 1467 2274 ad
1531 2208 1836 2274 iudicium
1903 2208 2291 2276 adfuturum„

216 2322 245 2364 5
271 2298 451 2375 Quae
505 2299 685 2363 fama
734 2319 867 2363 non
927 2298 1165 2363 idcirco
1230 2298 1442 2363 solum
1508 2301 1869 2382 emanarat,
1934 2299 2106 2382 quod
2169 2299 2292 2364 iste

272 2391 447 2453 certe
513 2389 835 2452 statuerat
898 2407 973 2451 ac
1026 2387 1498 2451 deliberaverat
1559 2407 1694 2451 non
1757 2385 2006 2471 adesse,
2069 2409 2293 2453 verum

273 2475 501 2558 etiam,
575 2474 747 2558 quod
810 2495 1000 2538 nemo
1073 2495 1462 2558 quemquam
1535 2478 1674 2539 tam
1749 2475 2082 2560 audacem,
2154 2480 2294 2542 tam

274 2566 618 2646 amentem,
664 2566 801 2626 tam
845 2561 1265 2646 inpudentem
1310 2562 1450 2626 fore
1496 2561 1957 2646 arbitrabatur,
2004 2564 2116 2647 qui
2155 2568 2296 2628 tam

273 2651 541 2715 nefariis
588 2649 983 2734 criminibus,
1028 2654 1167 2715 tam
1211 2650 1438 2714 multis
1485 2650 1763 2714 testibus
1811 2651 2141 2715 convictus
2179 2672 2295 2715 ora

193 2760 252 2802 10
277 2737 559 2802 iudicum
604 2738 890 2822 aspicere
938 2741 1053 2802 aut
1097 2759 1170 2802 os
1218 2759 1406 2802 suum
1451 2737 1693 2822 populo
1735 2737 2035 2803 Romano·
2079 2741 2295 2802 osten-

278 2825 429 2890 dere
468 2825 744 2890 auderet.
818 2825 942 2890 Est
976 2825 1148 2890 idem
1182 2825 1442 2908 Verres,
1488 2825 1599 2909 qui
1632 2824 1759 2889 fuit
1796 2845 2066 2909 semper,
2103 2828 2177 2889 ut
2214 2825 2298 2889 ad
2333 2839 2364 2886 2

275 2913 641 2979 audendum
684 2913 1039 2998 proiectuS,
1085 2913 1178 2978 sic
1212 2917 1482 2997 paratus
1530 2912 1612 2977 ad
1659 2913 2071 2994 audiendum3
2115 2933 2296 2996 prae-

275 3005 380 3066 sto
446 3005 571 3085 est,
635 3001 1011 3086 respondet,
1077 3001 1469 3083 defenditur3
1532 3021 1616 3065 ne
1677 2993 1804 3065 ssoc
1859 3000 2116 3084 quidem
2171 2999 2297 3064 sibi

273 3090 510 3174 reliqui
563 3088 750 3172 facit,
805 3093 904 3172 ut,
958 3089 1030 3153 in
1072 3090 1266 3154 rebus
1312 3088 1710 3173 turpissimis
1758 3109 1903 3152 cum
1948 3086 2295 3151 manifesto

194 3200 246 3242 15
272 3181 591 3259 teneatur,
639 3176 696 3241 si
741 3177 1010 3243 reticeat
1056 3180 1122 3242 et
1168 3176 1361 3260 absit,
1406 3181 1628 3241 tamen
1666 3175 2105 3260 impudentiae
2144 3196 2295 3240 suae

271 3265 625 3350 pudentem
671 3264 935 3329 exitum
962 3265 1293 3349 quaesisse
1337 3264 1649 3330 videatur.
1738 3263 1990 3347 Patior,
2035 3263 2297 3347 iudices,

272 3357 341 3418 et
376 3374 509 3417 non
546 3352 819 3417 moleste
846 3352 987 3417 fero
1016 3375 1118 3418 me
1144 3352 1391 3418 laboris
1420 3352 1565 3436 mei,
1602 3373 1719 3417 vos
1747 3352 2013 3417 virtutis
2041 3355 2297 3418 vestrae

268 3441 558 3505 fructum
605 3462 746 3505 esse
794 3441 1061 3506 laturos.
1152 3439 1328 3506 Nam
1374 3440 1431 3504 si
1482 3440 1608 3505 iste
1663 3440 1728 3505 id
1782 3440 2069 3526 fecisset,
2126 3441 2299 3526 quod

273 3529 455 3611 prius
493 3532 833 3613 statuerat,
870 3533 943 3593 ut
978 3550 1110 3596 non
1150 3529 1422 3613 adesset,
1459 3528 1670 3594 minus
1711 3529 2064 3614 aliquanto,
2101 3551 2296 3614 quam
