2566 4016
677 189 812 243 ΜΒ.
850 190 928 244 IV
993 191 1147 244 CAP.
1187 197 1397 246 37—39
1434 199 1462 256 ς
1502 198 1726 247 80-84,
2070 191 2201 255 399

191 332 697 418 pulcherrimum
757 333 1166 420 Karthagine
1232 337 1495 418 captum
1560 337 1928 418 reponatur.
2022 333 2201 401 Haec

195 422 311 485 abs
364 424 432 485 te
484 443 617 486 non
663 419 1026 486 Siculorum
1083 420 1408 504 defensor,
1460 442 1593 485 non
1647 425 1797 485 tuus
1849 427 2201 507 accusator,

192 529 323 574 non
367 506 709 594 Segestani
752 510 1113 593 postulant,
1160 510 1273 573 sed
1318 510 1394 592 is,
1440 509 1551 591 qui
1594 507 1853 573 laudem
1900 509 2202 593 gloriam-

195 618 318 680 que
372 595 444 662 P.
489 596 782 661 Africani
846 597 1153 662 tuendam
1216 596 1848 680 conservandamque
1904 597 2202 679 suscepit.

140 701 169 743 5
194 683 346 749 Non
390 705 642 769 vereor,
694 707 777 749 ne
820 684 946 750 hoc
991 684 1275 750 officium
1322 707 1537 749 meum
1580 683 1652 748 P.
1690 682 1964 749 Servilio
2009 683 2205 750 iudici

193 794 323 837 non
385 773 682 857 probem,
748 773 870 856 qui·
917 794 1062 839 cum
1121 795 1224 838 res
1280 772 1597 838 maximas
1654 772 1930 858 gesserit
1984 792 2204 836 monu-

194 864 536 945 mentaque
588 883 853 925 suarum
899 883 1116 926 rerum
1163 864 1497 946 gestarum
1543 882 1687 925 cum
1733 860 2012 927 maxime
2059 881 2204 925 con·

194 949 428 1013 stituat
469 952 665 1032 atque
710 949 779 1013 in
822 949 905 1015 iis
952 950 1261 1033 elaboret,
1307 948 1600 1034 profecto
1645 950 1823 1014 volet
1868 951 2026 1015 haec
2070 969 2205 1014 non

193 1037 405 1103 solum
442 1037 577 1101 suis
615 1037 912 1121 posteriS,
957 1059 1182 1101 verum
1224 1038 1421 1102 etiam
1468 1035 1766 1102 omnibus
1811 1037 1970 1101 viris
2014 1036 2202 1102 forti-

107 1141 167 1183 10
192 1125 312 1189 bus
370 1127 437 1187 et
491 1124 680 1188 bonis
736 1123 985 1189 civibus
1040 1123 1460 1209 defendenda,
1513 1146 1646 1190 non
1702 1124 2038 1208 spolianda
2087 1125 2202 1189 im-

193 1211 416 1295 probis
497 1210 771 1274 tradere.
879 1209 945 1275 N
948 1233 1032 1276 on
1105 1233 1355 1296 vereor,
1434 1233 1516 1276 ne
1587 1212 1738 1295 tibi,
1820 1211 1892 1286 Q.
1957 1209 2205 1295 Catule,

196 1297 561 1381 displiceat,
617 1296 796 1362 cuius
844 1299 1318 1383 amplissimum
1365 1300 1508 1364 orbi
1553 1303 1875 1364 terrarum
1923 1299 2205 1363 clarissi-

195 1406 499 1469 mumque
537 1389 1024 1451 monumentum
1064 1391 1182 1471 est,
1229 1409 1423 1471 quam
1459 1388 1777 1473 plurimos
1816 1408 1956 1451 esse
1995 1389 2204 1451 custo-

195 1473 306 1538 des
370 1477 935 1539 monumentorum
1000 1478 1065 1539 et
1127 1481 1359 1561 putare
1416 1498 1636 1541 omnes
1692 1476 1899 1541 bonos
1956 1474 2202 1539 alienae

107 1580 167 1622 15
196 1561 444 1647 gloriae
532 1561 969 1628 defensionem
1041 1563 1138 1641 ⁴ad
1225 1563 1510 1629 officium
1593 1586 1781 1628 suum
1862 1562 2202 1648 pertinere.

190 1649 512 1733 Equidem
540 1651 772 1715 ceteris
798 1651 989 1716 istius
1016 1651 1211 1716 furtis
1251 1657 1445 1737 atque
1481 1653 1751 1738 flagitiis
1788 1652 1884 1716 ita
1921 1672 2204 1733 moveor,

192 1741 269 1803 ut
320 1760 398 1802 ea
450 1739 974 1823 reprehendenda
1025 1743 1283 1804 tantum
1339 1743 1591 1824 putem,
1649 1740 1755 1805 hic
1808 1761 1962 1805 vero
2018 1743 2204 1803 tanto

195 1826 417 1890 dolore
472 1826 762 1910 adficior,
813 1832 888 1892 ut
941 1827 1106 1891 nihil
1163 1827 1325 1892 mihi
1368 1827 1698 1912 indignius
1707 1878 1725 1911 ,
1779 1827 1945 1891 nihil
1991 1827 2203 1892 minus

194 1912 530 1977 ferendum
567 1934 706 1977 esse
753 1914 1064 1978 videatur.
1144 1914 1382 1979 Verres
1429 1913 1723 1978 Africani
1769 1914 2203 1979 monumentis

108 2020 169 2061 so
196 2000 459 2066 domum
506 2023 690 2065 suam
735 2002 998 2085 plenam
1045 2003 1281 2087 stupri,
1328 2002 1590 2087 plenam
1634 2002 1898 2088 flagitii,
1943 2003 2205 2087 plenam

195 2089 523 2154 dedecoris
579 2089 883 2153 ornabit?
964 2088 1201 2154 Verres
1257 2091 1835 2174 temperantissimi
1882 2091 2206 2156 sanctissi-

191 2177 410 2261 mique
446 2177 570 2243 viri
608 2181 1114 2263 monumentum,
1159 2177 1410 2243 Dianae
1449 2177 1868 2243 simulacrum
1912 2179 2206 2264 virginis,

192 2264 264 2328 in
327 2286 403 2329 ea
466 2264 658 2330 domo
721 2266 1115 2349 conlocabit,
1176 2265 1247 2330 in
1304 2288 1432 2349 qua
1486 2287 1740 2351 semper
1794 2266 2205 2332 meretricum

195 2353 626 2437 lenonumque
671 2352 926 2437 flagitia
971 2355 1356 2419 versantur?

195 2528 407 2605 Quid?
454 2552 493 2595 a
529 2529 993 2613 Tyndaritanis
1028 2551 1161 2596 non
1206 2530 1492 2597 ciusdem
1530 2529 1848 2617 Scipionis
1893 2532 2204 2598 beneficio

191 2618 481 2700 positum
519 2617 933 2683 simulacrum
972 2617 1253 2684 Mercuri
1296 2619 1728 2704 pulcherrime
1777 2619 2024 2686 factum
2072 2642 2206 2684 sus-

192 2705 451 2769 tulisti?
541 2704 634 2769 At
688 2728 879 2789 quem
936 2707 1017 2772 ad
1071 2707 1361 2791 modum,
1417 2708 1482 2772 di
1533 2708 1946 2772 inmortales!
2011 2729 2206 2791 quam

196 2791 517 2874 audacter,
563 2814 756 2875 quam
794 2794 1155 2878 libidinose,
1202 2817 1398 2878 quam
1435 2795 1846 2879 inpudenter!
1909 2793 2206 2859 Audistis

104 2899 167 2942 ao
192 2901 400 2963 nuper
473 2878 680 2943 dicere
753 2881 1008 2966 legatos
1074 2881 1578 2965 TyndaritanOS,
1652 2882 1948 2947 homines
2012 2882 2206 2946 hone-

195 2967 521 3032 stissimos
559 2987 633 3032 ac
673 2967 996 3053 principes
1043 2969 1348 3052 civitatis,
1391 2968 1801 3054 Mercurium,
1847 2970 1958 3054 qui
2004 2969 2204 3034 sacris

194 3054 655 3121 anniversariis
713 3051 882 3139 apud
930 3077 1038 3121 eos
1086 3078 1160 3121 ac
1208 3078 1461 3121 summa
1506 3057 1821 3143 religione
1867 3057 2205 3141 coleretur,

193 3166 386 3228 quem
413 3143 484 3208 P.
514 3142 858 3209 Africanus
887 3142 1295 3231 Karthagine
1342 3149 1534 3229 capta
1569 3143 2029 3229 Tyndaritanis
2072 3167 2206 3210 non

192 3232 407 3298 solum
456 3254 609 3297 suae
654 3232 983 3317 victoriae,
1030 3233 1144 3297 sed
1189 3233 1388 3298 etiam
1432 3233 1696 3299 illorum
1742 3234 1894 3298 fidei
1939 3233 2205 3299 societa—

104 3338 163 3381 εδ
190 3320 405 3404 tisque
471 3326 960 3386 monumentum
1026 3324 1220 3406 atque
1277 3321 1586 3387 indicium
1642 3322 1948 3407 dedisset,
2010 3321 2203 3386 huius

189 3409 275 3491 vi,
324 3409 563 3475 scelere
600 3409 1001 3494 imperioque
1039 3432 1180 3476 esse
1219 3410 1568 3477 sublatum.
1642 3410 1765 3486 Qui
1803 3415 1876 3475 ut
1921 3410 2203 3495 primum

188 3497 261 3560 in
294 3496 461 3562 illud
499 3498 808 3582 oppidum
847 3500 1045 3583 venit,
1092 3499 1339 3581 statim,
1385 3503 1719 3584 tamquam
1756 3500 1851 3565 ita
1886 3500 2028 3564 fieri
2071 3521 2204 3564 non

1021 3678 1548 3800 &5HMOL544

1107 3805 1455 3851 oxffoao

1095 3897 1472 3973 ΜυεευΜ

2241 1661 2310 1711 83

2226 2404 2312 2469 39

105 2458 167 2502 2⁶
326 2440 419 2505 At
496 2441 622 2506 hoc
703 2443 911 2506 solum
959 2441 1281 2508 ,Africani
1361 2448 1849 2508 monumentum
1922 2443 2205 2509 violasti.
2243 2481 2314 2530 84
