2566 4016
755 181 891 235 ΜΒ.
930 181 981 234 11
1037 181 1190 236 CAP.
1231 187 1440 237 ‘ze—78
1478 188 1509 248 ς
1551 189 1851 238 187—192.
2181 185 2312 249 269

289 325 464 393 Fieri
515 344 650 388 non
703 328 950 408 potest,
1003 330 1104 409 ut,
1161 346 1352 410 quem
1407 327 1593 391 video
1643 331 1712 391 te
1756 331 2059 412 praetore
2104 327 2174 391 in
2220 325 2313 391 Si-

289 414 442 479 cilia
493 412 698 476 fuisse
755 416 820 477 et
876 434 1068 497 quem
1118 436 1202 478 ex
1254 415 1401 497 ipsa
1455 415 1708 481 ratione
1761 416 2078 500 intellego
2134 415 2313 480 locu-

287 503 531 587 pletem
580 500 823 585 fuisse,
887 523 1034 567 eum
1087 506 1161 567 tu
1215 502 1286 566 in
1327 507 1455 566 -tua
1506 504 1841 587 provincia
1891 525 2025 568 non
2080 524 2313 588 cogno·

289 591 480 656 veris.
554 589 772 674 Atque
819 590 1007 673 adeo,
1050 612 1131 654 ne
1176 591 1301 656 hoc
1348 595 1462 655 aut
1508 592 1768 677 longius
1815 595 1929 657 aut
1975 591 2312 657 obscurius

234 693 264 735 δ
291 699 433 744 esse
486 677 724 761 possit,
778 679 1106 762 procedite
1158 679 1229 743 in
1274 679 1557 743 medium
1605 686 1800 764 atque
1846 680 2165 765 explicate
2212 679 2313 743 de-

291 766 712 850 scriptionem
767 767 1246 852 imaginemque
1300 767 1701 850 tabularum,
1754 771 1829 832 ut
1875 789 2099 833 omnes
2144 788 2313 831 mor·

291 855 460 919 tales
487 853 680 918 istius
719 855 1031 919 avaritiae
1069 877 1199 919 non
1234 855 1369 919 iam
1405 856 1703 940 vestigia,
1742 857 1855 920 sed
1891 856 2035 940 ipsa
2071 855 2314 920 cubilia

288 943 507 1007 videre
567 942 842 1025 possint.
931 940 1187 1006 Videtis
1233 941 1663 1009 Verrucium?
1735 944 1969 1009 videtis
2029 944 2274 1027 primas
2319 915 2416 1041 [ἐξ

288 1031 548 1095 litteras
602 1031 941 1115 integras?
1006 1030 1240 1094 videtis
1298 1034 1657 1096 extremam
1707 1036 1964 1117 partem
2013 1031 2312 1115 nominis,

213 1140 265 1179 10
292 1118 522 1183 codam
583 1117 770 1182 illam
816 1115 1164 1182 Verrinam
1227 1122 1562 1203 tamquam
1627 1120 1697 1183 in
1753 1121 1894 1184 luto
1951 1119 2313 1184 demersam

228 1242 231 1245 ¹
293 1228 435 1271 esse
470 1207 538 1269 in
575 1205 818 1270 litura‘?
892 1203 998 1271 Sic
1042 1205 1289 1270 habent
1337 1227 1405 1270 se
1450 1206 1741 1289 tabulae,
1784 1207 2054 1289 ludices,
2103 1211 2179 1272 ut
2224 1207 2314 1272 vi-

294 1294 479 1358 detis
570 1291 737 1368 Quid
791 1293 1172 1377 expectatis,
1228 1293 1384 1377 quid
1437 1295 1749 1378 quaeritis
1806 1295 2132 1378 amplius?
2214 1293 2313 1358 Tu

293 1383 459 1465 ipse,
512 1379 779 1464 Verres,
845 1381 998 1466 quid
1063 1382 1271 1466 sedes,
1338 1381 1492 1466 quid
1555 1382 1875 1449 moraris?
1966 1381 2139 1447 Nam
2200 1388 2314 1447 aut

293 1470 600 1535 exhibeas
655 1469 844 1534 nobis
883 1468 1267 1535 Verrucium
1324 1491 1583 1535 necesse
1640 1475 1741 1536 est
1796 1474 1909 1536 aut
1965 1475 2031 1536 te
2076 1469 2313 1535 Verru-

213 1576 265 1617 15
292 1559 463 1624 cium
511 1579 651 1622 esse
696 1557 961 1622 fateare.
1417 1604 1420 1607 -

422 1645 802 1710 Laudantur
849 1650 1140 1710 oratores
1186 1648 1458 1731 vetereS,
1503 1644 1726 1712 Crassi
1770 1647 1873 1711 illi
1919 1651 1986 1711 et
2022 1646 2316 1731 Antonii,-

292 1734 464 1818 quod
519 1734 791 1798 crimina
847 1733 1091 1797 diluere
1147 1733 1449 1814 dilucide,
1514 1734 1687 1817 quod
1739 1734 1999 1817 copiose
2053 1755 2312 1799 reorum

294 1843 521 1886 causas
572 1819 911 1886 defendere
959 1822 1261 1886 solerent.
1352 1820 1680 1886 Nimirum
1724 1821 1825 1885 ill-i
1870 1843 2003 1886 non
2048 1822 2310 1907 ingenio

295 1909 507 1973 solum
559 1909 663 1973 his
718 1909 1014 1995 patronis
1022 1958 1040 1992 ,
1098 1909 1208 1995 sed
1261 1907 1528 1973 fortuna
1582 1908 1782 1973 etiam
1826 1909 2310 1992 praestiterunt.

213 2017 267 2057 20
292 1996 503 2063 Nemo
568 1997 740 2064 enim
802 1998 898 2063 ita
959 2001 1101 2062 tum
1154 1996 1495 2082 peccabat,
1557 1999 1633 2061 ut
1681 1995 2043 2062 defensioni
2096 1997 2310 2063 locum

290 2108 424 2153 non
447 2087 872 2170 relinqueret,
918 2099 1109 2150 nemo
1146 2087 1243 2149 ita
1278 2085 1560 2168 vivebat,
1604 2088 1680 2149 ut
1724 2085 1908 2149 nulla
1954 2086 2091 2149 eius
2137 2086 2311 2151 vitae

290 2196 444 2260 pars
501 2196 790 2239 summae
836 2173 1273 2259 ’turpitudinis
1329 2176 1502 2238 esset
1556 2194 1811 2258 expers,
1864 2195 2057 2239 nemo
2100 2174 2200 2238 ita
2242 2174 2314 2238 in

293 2261 641 2327 manifesto
678 2266 943 2347 peccato
981 2263 1345 2346 tenebatur,
1381 2265 1473 2347 ut,
1520 2283 1663 2327 cum
1701 2262 2040 2347 impudens
2075 2261 2312 2327 fuisset

293 2351 360 2414 in
386 2350 757 2433 facto,‹tum
785 2351 1224 2436 impudentior
1260 2350 1604 2434 videretur,
1643 2349 1699 2415 si
1734 2354 2023 2437 negaret.
2086 2350 2275 2416 Nunc
2315 2363 2415 2411 192

214 2455 266 2497 2⁵
292 2460 448 2504 vero
515 2439 668 2523 quid
721 2439 923 2505 faciat
976 2438 1367 2504 Hortensius
1424 2441 1839 2523 [patronus]‘?
1914 2440 2310 2505 avaritiaene

291 2527 995 2614 criminafrugalitatis
1026 2527 1325 2591 laudibus
1365 2527 1785 2610 deprecetur?
1850 2527 1944 2591 At
1978 2528 2310 2593 hominem

289 2616 896 2702 flagitiosissimum,
932 2614 1539 2679 libidinosissimum
1574 2615 2170 2700 nequissimumque
2209 2617 2311 2679 de-

289 2703 516 2765 fendit.
599 2705 708 2767 An
753 2705 835 2768 ab
882 2704 1004 2769 hac
1048 2704 1239 2768 istius
1285 2701 1557 2767 infamia
1600 2724 1675 2768 ac
1717 2702 2010 2787 nequitia
2053 2707 2308 2768 vestros

294 2788 544 2851 animos
585 2790 656 2853 in
701 2792 899 2855 aliam
945 2790 1201 2875 partem
1244 2789 1648 2855 fortitudinis
1695 2790 2309 2856 commemoratione

210 2894 265 2935 so
292 2875 636 2940 traducat?
700 2878 793 2941 At
826 2878 1024 2943 homo
1061 2879 1352 2963 inertior,
1389 2878 1707 2963 ignavior,
1755 2879 1965 2964 magis
2001 2878 2104 2941 vir
2139 2878 2310 2942 inter

291 2964 624 3047 muliereS,
676 2966 934 3048 impura
987 2967 1156 3032 inter
1205 2967 1381 3032 viros
1427 2966 1810 3031 muliercula
1853 2963 2134 3051 proferri
2178 2987 2309 3050 non

288 3056 528 3138 potest.
606 3015 701 3116 'At
751 3075 965 3119 mores
1012 3054 1350 3120 commodi.
1438 3051 1598 3128 Quis
1645 3053 2112 3137 contumacior,
2166 3054 2307 3137 quis

288 3140 721 3225 inhumanior,
769 3142 912 3225 quis
951 3143 1335 3227 superbior?
1400 3142 1493 3205 At
1537 3142 1698 3208 haec
1745 3143 1882 3207 sine
1928 3141 2308 3227 cuiusquam

289 3230 482 3295 malo.
568 3228 727 3305 Quis
780 3229 1098 3311 acerbior,
1154 3231 1297 3314 quis
1343 3229 1742 3314 insidiosior,
1797 3229 1942 3331 quis
1990 3228 2310 3294 crudelior

207 3334 262 3376 ³⁵
287 3339 599 3401 umquam
659 3317 830 3382 fuit‘?
920 3316 1001 3381 In
1061 3317 1185 3381 hoc
1248 3317 1510 3381 homine
1570 3321 1767 3401 atque
1819 3319 1890 3382 in
1941 3318 2078 3383 eius
2132 3318 2308 3382 modi

290 3427 484 3471 causa
513 3405 668 3489 quid
695 3405 985 3471 facerent
1015 3426 1237 3469 omnes
1266 3403 1490 3469 Crassi
1527 3409 1593 3470 et
1621 3405 1938 3472 Antonii?
2006 3406 2308 3491 Tantum,

289 3494 536 3578 opinor,
583 3495 922 3562 Hortensi:
970 3494 1052 3561 ad
1089 3515 1353 3559 causam
1389 3515 1520 3560 non
1566 3494 1942 3561 accederent
1986 3516 2193 3580 neque
2237 3495 2308 3561 in
