2566 4016
315 212 439 277 138
603 265 608 271 .
787 211 867 265 IN
908 210 967 266 C.
1005 209 1316 265 VERREM
1349 208 1566 267 ACTIO
1599 209 1846 265 PRIMA.

309 356 473 422 meis
535 359 705 439 tum,
768 376 916 420 cum
979 354 1336 420 admissum
1399 354 1548 438 erit,
1614 354 1883 420 dedecus
1948 374 2169 420 severe
2223 377 2327 422 me

308 447 798 530 persecuturum
861 462 1003 507 esse
1064 442 1403 527 polliceor,
1465 442 1535 506 id
1594 461 1676 508 ne
1748 442 2022 526 accidat,
2072 446 2156 507 'tu
2212 447 2327 510 tua

309 531 725 615 auctoritate,
791 530 1139 615 sapientia,
1204 530 1569 616 diligentia,
1627 529 1733 595 Μ’.
1786 528 2084 613 Glabrio,
2137 536 2325 617 potes

306 618 663 705 providere.
736 615 1003 703 Suscipe
1038 636 1302 684 causam
1337 617 1739 701 iudiciorum,
1776 618 2031 703 suscipe
2061 640 2324 685 causam

307 707 697 789 severitatis,
732 706 1152 792 integritatis,
1188 705 1358 790 fidei,
1393 706 1749 791 religionis,
1781 706 2034 791 suscipe
2060 723 2324 775 causam
2349 734 2377 776 5

305 798 587 877 senatus,
622 797 699 859 ut
732 794 791 859 is
826 794 950 859 hoc
975 794 1211 859 iudicio
1238 794 1555 878 probatus
1583 813 1728 859 cum
1756 794 2000 879 populo
2028 795 2323 861 Romano

304 886 375 947 et
416 882 488 946 in
530 881 720 946 laude
765 886 833 947 et
874 881 948 946 in
992 882 1207 967 gratia
1264 900 1406 947 esse
1458 882 1693 967 possit3
1749 882 1994 968 cogita,
2049 884 2162 967 qui
2217 885 2322 967 sis,

306 990 434 1053 quo
479 969 624 1034 loco
670 969 779 1053 sis,
824 969 980 1054 quid
1024 970 1176 1035 dare
1210 969 1455 1054 populo
1499 969 1813 1053 Romano,
1859 970 2014 1054 quid
2057 970 2322 1037 reddere

304 1057 661 1122 maioribus
706 1056 838 1122 tuis
886 1057 1149 1142 debeas3
1192 1057 1299 1123 fac
1342 1057 1465 1122 tibi
1509 1062 1819 1143 paternae
1863 1058 2029 1145 legis
2069 1058 2320 1125 Aciliae

303 1145 525 1210 veniat
567 1145 637 1209 in
680 1150 982 1229 mentem,
1028 1167 1157 1229 qua
1200 1146 1346 1232 lege
1389 1146 1669 1230 populus
1714 1145 2046 1211 Romanus
2091 1147 2168 1212 de
2213 1170 2321 1232 pe-
2350 1174 2402 1215 ιο

304 1233 509 1299 cuniis
567 1233 939 1317 repetundis
993 1233 1259 1318 optimis
1313 1233 1565 1300 iudiciis
1619 1235 2169 1319 ‘severissimisque
2228 1235 2321 1300 iu·

197 1335 267 1383 58
306 1321 553 1386 dicibus
609 1342 764 1385 usus
818 1326 934 1386 est.
1024 1320 1466 1387 Circumstant
1516 1325 1586 1387 te
1641 1336 1929 1387 summae
1968 1323 2320 1389 >auctorita-

302 1412 430 1491 tes,
495 1428 659 1491 quae
718 1414 784 1473 te
838 1409 1136 1474 oblivisci
1190 1409 1402 1475 laudis
1457 1409 1845 1475 domesticae
1898 1425 2032 1476 non
2085 1412 2319 1496 sinant,

303 1516 469 1580 quae
522 1499 590 1560 te
646 1500 870 1562 noctes
916 1496 1179 1581 diesque
1223 1501 1677 1563 commoneant
1719 1497 2153 1565 fortissimum
2197 1500 2320 1564 tibi

298 1586 584 1669 patrem,
636 1584 1188 1669 sapientissimum
1242 1607 1462 1669 avum,
1517 1586 1978 1671 gravissimum
2023 1601 2316 1653 socerum
2347 1611 2398 1653 ιε

300 1671 517 1737 fuisse.
589 1670 804 1748 Quare
850 1672 907 1738 si
953 1667 1326 1737 Glabrionis
1371 1674 1581 1758 patris
1623 1674 1756 1739 vim
1794 1678 1861 1738 et
1897 1675 2317 1741 acrimoniam

296 1760 543 1845 ceperis
592 1760 674 1825 ad
718 1759 1145 1826 resistendum
1189 1760 1562 1826 hominibus
1609 1762 2073 1847 audacissimis,
2119 1764 2176 1829 si
2211 1764 2319 1828 avi

300 1846 648 1913 Scaevolae
692 1848 1104 1933 prudentiam
1150 1849 1234 1913 ad
1276 1849 1764 1935 prospiciendas
1809 1850 2106 1934 insidias,
2153 1857 2316 1935 quae

297 1940 449 2001 tuae
491 1939 687 2021 atque
722 1935 956 2001 horum
992 1937 1206 2001 famae
1241 1941 1720 2024 comparantur,
1766 1938 1824 2003 si
1860 1940 2064 2003 soceri
2091 1936 2317 2004 Scauri

298 2025 762 2113 constantiam,
822 2029 898 2090 ut
948 2047 1030 2090 ne
1085 2026 1230 2110 quis
1283 2029 1352 2091 te
1407 2027 1486 2091 de
1538 2042 1692 2091 vera
1730 2029 1803 2090 et
1865 2031 2040 2092 certa
2100 2029 2315 2112 possit
2342 2053 2400 2095 ιο

298 2113 621 2178 sententia
676 2113 1039 2196 demovere,
1100 2114 1442 2199 intelleget
1502 2114 1801 2200 populus„
1838 2114 2166 2181 Romanus
2218 2116 2315 2180 in-
2377 2146 2381 2150 >
2445 2194 2453 2201 ·

295 2201 646 2284 tegerrimo
691 2205 889 2283 atque
922 2200 1385 2266 honestissimo
1421 2207 1722 2286 praetore
1756 2202 2132 2287 delectoque
2168 2222 2315 2269 con-
2359 2269 2363 2274 ,

296 2287 445 2352 silio
489 2287 750 2352 nocenti
784 2305 896 2350 reo
933 2288 1448 2373 magnitudinem
1484 2289 1791 2374 pecuniae
1825 2290 1974 2375 plus
2010 2290 2315 2357 habuisse

296 2374 610 2524 mffffffnffi
664 2370 747 2439 ad
801 2374 1233 2459 suspicionem
1291 2377 1577 2459 criminis
1624 2396 1818 2461 quam
1866 2378 1948 2443 ad
1993 2379 2313 2445 rationem

297 2481 371 2526 sa
398 2482 441 2524 u
474 2482 547 2525 is.
1075 2484 1080 2487 ⁴
1173 2500 1178 2506 ·
2341 2493 2396 2534 εὖ

187 2511 275 2637 ἐξ
426 2547 590 2613 Mihi
635 2553 881 2615 certum
925 2555 1029 2615 est
1071 2569 1203 2617 non
1249 2553 1674 2636 committere,
1718 2558 1794 2618 ut
1836 2553 1906 2618 in
1950 2553 2073 2620 hac
2117 2576 2312 2621 causa

291 2641 555 2722 praetor
598 2638 788 2702 nobis
833 2639 1302 2724 consiliumque
1345 2645 1650 2706 mutetur.
1721 2640 1787 2707 N
1787 2662 1873 2707 on
1915 2643 2134 2726 patiar
2173 2664 2311 2709 rem

289 2726 362 2791 in
412 2725 481 2790 id
533 2730 791 2811 tempus
847 2726 1101 2811 adduci,
1161 2732 1239 2794 ut
1292 2725 1575 2812 [Siculi],
1641 2746 1802 2813 quos
1868 2730 2078 2796 adhuc
2140 2731 2312 2796 servi

291 2814 780 2900 designatorum
824 2816 1161 2882 consulum
1205 2834 1340 2881 non
1383 2821 1743 2900 moverunt,
1791 2834 1940 2883 cum
1984 2838 2094 2884 eos
2139 2836 2310 2884 novo

288 2903 586 2986 exemplo
632 2903 969 2968 universos
1014 2908 1440 2987 arcesserent,
1493 2922 1604 2970 eos
1649 2909 1791 2970 tum
1846 2905 2108 2971 lictores
2161 2928 2310 2972 con·
2340 2933 2397 2973 eo

289 2991 505 3056 sulum
560 2994 818 3074 vocent,
875 2994 951 3056 ut
1003 2991 1300 3059 homines
1356 2993 1605 3076 miseri,
1661 2997 1855 3058 antea
1908 2994 2067 3060 socii
2112 2998 2311 3078 atque

289 3079 482 3144 amici
534 3078 762 3163 populi
815 3077 1119 3162 Romani,
1184 3100 1353 3146 nunc
1384 3081 1578 3146 'servi
1633 3101 1708 3147 ac
1762 3081 2115 3166 supplices,
2177 3100 2314 3148 non

286 3167 479 3232 modo
551 3166 653 3232 ius
726 3184 916 3233 suum
985 3167 1413 3252 fortunasque
1477 3169 1687 3234 omnis
1753 3186 1974 3236 eorum
2031 3169 2312 3254 imperio

288 3254 615 3337 amittant,
659 3274 884 3320 verum
931 3255 1128 3322 etiam
1165 3255 1545 3342 deplorandi
1580 3256 1739 3322 iuris
1777 3258 1877 3323 sui
1909 3260 2311 3343 potestatem

185 3357 251 3406 54
286 3359 418 3404 non
472 3340 786 3425 habeant3
845 3360 978 3408 non
1040 3343 1250 3410 sinam
1302 3343 1595 3429 profecto
1650 3364 1845 3410 causa
1897 3367 1938 3409 a
2001 3363 2104 3411 me
2167 3366 2313 3430 per·
2343 3371 2400 3412 ³5

288 3429 475 3490 orata
510 3429 942 3516 quadraginta
987 3430 1211 3497 diebus
1255 3432 1661 3518 interpositis
1707 3437 1851 3500 tum
1893 3433 2085 3499 nobis
2131 3433 2314 3498 deni-

287 3532 411 3595 que
464 3516 867 3601 responderi,
923 3541 1070 3584 cum
1125 3519 1450 3587 accusatio
1505 3525 1735 3587 nostra
1787 3522 1857 3587 in
1910 3521 2313 3588 oblivionem
