2566 4016
764 240 898 295 LIB.
936 239 989 293 II
1063 238 1217 294 CAP.
1249 245 1424 294 9-12
1461 245 1491 306 ξ
1528 246 1753 296 26-30.
2133 241 2263 307 209

381 386 524 463 Qua
552 384 630 450 de
659 405 747 467 re,
782 384 1041 467 iudices,
1078 404 1318 469 magno
1346 405 1541 469 opere
1570 384 1760 450 vobis
1796 385 2263 470 providendum
2300 397 2368 447 28

247 480 373 560 est3
438 473 726 559 pertinet
786 471 912 538 hoc
971 471 1052 536 ad
1108 493 1426 536 summam
1481 493 1618 537 rem
1674 473 2004 558 publicam
2059 479 2126 539 et
2181 474 2263 539 ad

248 561 798 629 existimationem
869 560 1112 625 ordinis
1175 560 1387 624 nostri
1455 561 1860 645 salutemque
1923 561 2261 627 sociorum.

250 650 320 716 Si
384 650 552 715 enim
613 649 987 715 innocentes
1042 647 1421 713 existumari
1475 649 1803 732 volumus,
1863 671 1997 715 non
2050 651 2263 715 solum

200 756 227 796 ⁶
252 760 400 822 nos,
462 737 574 802 sed
638 736 835 802 etiam
898 735 1168 802 comites
1230 739 1493 802 nostros
1548 741 1884 823 praestare
1938 737 2261 803 debemus.

252 827 541 891 Primum
597 825 888 891 omnium
942 846 1140 909 opera
1194 823 1406 890 danda
1459 828 1586 909 est,
1637 828 1714 891 ut
1768 847 1878 892 eos
1923 826 2259 893 nobiscum
2283 822 2360 886 ll

255 916 628 997 educamuS,
703 914 814 998 qui
882 916 1148 978 nostrae
1217 913 1433 978 famae
1503 914 1829 998 capitique
1902 916 2262 999 consulant,

251 1003 503 1085 deinde,
558 1002 615 1067 si
641 1030 644 1039 ⁴
667 1002 737 1065 in
790 1000 1161 1066 hominibus
1216 1001 1531 1087 eligendis
1576 1023 1695 1068 nos
1743 1023 1890 1089 spes
1938 1003 2261 1069 amicitiae

249 1090 584 1174 fefellerit,
629 1093 705 1154 ut
738 1088 1162 1173 vindicemus,
1207 1090 1442 1154 missos
1483 1090 1796 1156 faciamus
1804 1141 1822 1175 ,
1868 1111 2121 1176 semper
2165 1092 2262 1157 ita

174 1195 224 1234 ιο
252 1180 575 1261 vivamus,
636 1181 712 1242 ut
773 1177 1094 1242 rationem
1155 1177 1545 1242 reddendam
1603 1179 1792 1243 nobis
1853 1179 2261 1245 arbitremur.

253 1266 549 1331 Africani
592 1268 693 1329 est
738 1266 880 1348 hoc,
924 1264 1206 1330 hominis
1252 1265 1696 1332 liberalissimi
1741 1263 1994 1352 (verum
2039 1271 2261 1332 tamen

254 1376 329 1418 ea
366 1353 727 1418 liberalitas
773 1356 875 1419 est
918 1353 1272 1455 probanda,
1321 1375 1484 1437 quae
1530 1355 1667 1418 sine
1711 1355 1998 1439 periculo
2045 1355 2257 1420 existi-

252 1441 558 1507 mationis
614 1446 741 1525 est,
795 1445 870 1506 ut
922 1463 993 1505 m
1043 1441 1162 1506 illo
1215 1439 1373 1526 fuit)
1417 1478 1506 1488 —
1550 1464 1696 1507 cum
1743 1443 1825 1507 ab
1872 1464 1949 1508 eo
1996 1443 2256 1527 quidam
2296 1454 2365 1503 29

250 1532 436 1594 vetus
493 1533 852 1596 assectator
906 1533 974 1593 et
1025 1551 1104 1594 ex
1157 1550 1425 1594 numero
1481 1529 1835 1595 amicorum
1885 1552 2018 1596 non
2061 1531 2259 1617 impe-

174 1632 225 1674 15
249 1622 482 1701 traret,
543 1619 642 1683 uti
699 1639 768 1681 se
821 1616 1219 1702 praefectum
1272 1618 1343 1681 in
1387 1616 1676 1683 Africam
1734 1619 2018 1702 duceret,
2074 1623 2141 1685 et
2192 1621 2261 1685 id

248 1706 449 1771 ferret
501 1707 802 1771 moleste:
867 1703 1132 1789 ‘Noli’,
1184 1705 1423 1789 inquit,
1480 1705 1805 1790 ‘mirari,
1859 1707 1926 1771 si
1979 1711 2063 1772 tu
2115 1707 2260 1774 hoc

252 1815 291 1857 a
336 1814 449 1857 me
510 1815 660 1857 non
721 1794 1113 1877 impetras.
1211 1792 1375 1878 Ego
1438 1793 1588 1858 iam
1647 1793 1942 1878 pridem
1997 1795 2089 1858 ab
2145 1816 2260 1880 eo,

251 1880 373 1946 cui
407 1902 644 1945 meam
682 1880 1340 1946 existimationem
1377 1902 1627 1945 caram
1673 1881 1840 1946 fore
1886 1882 2259 1965 arbitror,

250 1972 458 2054 peto,
528 1972 611 2034 ut
683 1990 968 2036 mecum
1032 1967 1472 2053 praefectus
1536 1967 2119 2054 proficiscatur,
2185 1975 2259 2036 et

170 2057 497 2124 madhue
548 2058 966 2143 impetrare
1019 2077 1170 2122 non
1223 2055 1575 2142 possum?
1663 2056 1926 2121 Etenim
1981 2080 2051 2122 re
2104 2080 2260 2125 vera

249 2147 457 2211 multo
503 2147 716 2231 magis
761 2149 863 2211 est
906 2144 1252 2230 petendum
1302 2145 1385 2209 ab
1431 2144 1830 2230 hominibus,
1877 2145 1935 2209 si
1980 2146 2146 2212 salvi
2192 2151 2258 2212 et

248 2234 510 2298 honesti
538 2255 677 2297 esse
704 2235 1024 2317 volumus,
1059 2237 1133 2298 ut
1171 2237 1324 2298 eant
1359 2232 1696 2299 nobiscum
1732 2233 1803 2298 in
1836 2234 2258 2319 provinciam,

251 2342 448 2406 quam
514 2321 662 2401 [hoc
715 2321 875 2403 illis]
930 2322 1001 2386 in
1052 2321 1349 2387 beneficii
1403 2322 1546 2388 loco
1601 2321 2032 2389 deferendum.
2131 2322 2258 2389 Sed

246 2413 323 2473 tu
377 2429 521 2474 cum
569 2413 635 2474 et
688 2413 837 2476 tuos
884 2410 1127 2475 amicos
1171 2411 1241 2474 in
1285 2410 1686 2495 provinciam
1734 2412 1919 2494 quasi
1962 2412 2033 2477 in
2077 2435 2259 2498 prae-

163 2511 222 2553 εδ
251 2497 399 2563 dam
434 2497 760 2564 invitabas
797 2502 866 2563 ct
902 2519 1048 2563 cum
1082 2497 1165 2561 iis
1203 2519 1278 2563 ac
1313 2520 1429 2582 per
1464 2519 1575 2564 eos
1611 2498 2008 2584 praedabare
2045 2505 2111 2565 et
2148 2523 2258 2568 eos

246 2586 316 2651 in
360 2587 660 2652 contione
708 2586 919 2651 anulis
967 2585 1178 2651 aureis
1225 2584 1532 2669 donabas,
1575 2606 1706 2651 non
1753 2589 2088 2652 statuebas
2133 2590 2259 2653 tibi

246 2694 381 2737 non
407 2675 619 2738 solum
649 2673 726 2737 de
752 2674 905 2757 tuis,
942 2673 1055 2738 sed
1083 2673 1282 2738 etiam
1312 2673 1389 2738 de
1415 2674 1680 2739 illorum
1705 2672 1899 2741 factis
1936 2676 2257 2740 rationem

250 2779 391 2822 esse
435 2760 868 2825 reddendam?

427 2842 591 2911 Cum
669 2846 792 2911 hos
875 2849 1002 2914 sibi
1083 2852 1390 2933 quaestus
1464 2850 1910 2915 constituisset
1983 2870 2256 2935 magnos
2293 2861 2363 2910 30

157 2950 222 2993 ao
249 2938 446 3017 atque
518 2933 746 2999 uberes
821 2957 897 2999 ex
967 2937 1049 3001 iis
1122 2937 1361 3020 causis,
1435 2959 1595 3021 quas
1662 2937 1803 3022 ipse
1881 2938 2259 3002 instituerat

247 3043 394 3088 cum
475 3021 774 3105 consilio,
854 3023 978 3089 hoc
1058 3028 1158 3090 est
1238 3047 1385 3091 cum
1458 3046 1576 3090 sua
1648 3024 1941 3110 cohorte,
2021 3045 2259 3109 cogno·

249 3132 451 3194 scere,
503 3113 646 3174 tum
699 3110 864 3174 illud
917 3112 1242 3177 infinitum
1301 3134 1504 3199 genus
1560 3113 1895 3178 invenerat
1946 3112 2029 3180 ad
2072 3111 2258 3177 innu-

247 3199 626 3265 merabilem
688 3199 1026 3284 pecuniam
1089 3201 1577 3285 corripiendam.
1675 3199 1961 3265 Dubium
2014 3200 2259 3265 nemini
2283 3204 2368 3269 12

247 3290 373 3370 est,
444 3286 601 3372 quin
665 3308 890 3353 omnes
954 3287 1242 3353 omnium
1306 3289 1614 3373 pecuniae
1677 3288 1931 3374 positae
1995 3288 2128 3353 sint
2190 3287 2260 3354 in

156 3386 219 3428 ³5
247 3395 471 3440 eorum
534 3378 892 3461 potestate,
964 3374 1075 3459 qui
1137 3375 1374 3441 iudicia
1438 3375 1621 3461 dant,
1692 3380 1759 3441 et
1825 3398 2075 3462 eorum,
2147 3377 2261 3462 qui

244 3461 550 3546 iudicant,
595 3464 755 3549 quin
789 3485 980 3529 nemo
1026 3466 1318 3529 vestrum
1362 3463 1574 3550 possit
1620 3464 1807 3530 aedes
1854 3486 2024 3550 suas,
2065 3487 2257 3532 nemo

245 3546 540 3634 fundum,
591 3574 784 3619 nemo
829 3552 1004 3619 bona
1048 3552 1265 3638 patria
1312 3554 1631 3639 obtinere,
1685 3553 1769 3638 si,
1818 3575 1965 3620 cum
2007 3555 2166 3621 haec
2219 3576 2260 3619 a

351 3659 457 3702 010.
485 3662 547 3704 11„
578 3666 616 3703 1.
1769 3662 1834 3710 14
