2566 4016
165 1223 253 1287 24

163 2750 230 2800 77

273 227 363 292 24
805 224 948 279 PRO
985 224 1045 282 P.
1085 223 1430 290 QUINCTIO
1467 222 1756 281 ORATIO.

274 372 563 438 monium
616 368 779 434 mihi
834 368 1142 451 deseruit,
1197 389 1301 433 me
1353 367 1710 452 fraudavit,
1763 389 1805 433 a
1856 390 1961 434 me
2005 371 2290 438 nominis

274 461 439 544 eiuS,
495 457 667 543 quod
709 457 1030 522 infitiatus
1078 460 1275 540 esset,
1323 455 1491 521 diem
1534 456 1797 542 petivit3
1844 477 1966 543 ego
2014 460 2290 544 experiri

271 570 401 613 non
463 546 679 631 potui,
751 545 1069 628 latitavit,
1139 548 1627 630 procuratorem
1687 546 1943 611 nullum
2005 548 2290 632 reliquit.

270 635 523 701 Horum
560 634 725 699 nihil
764 634 1015 698 dicitur.
1088 632 1412 699 Parantur
1447 637 1669 715 testes,
1706 633 1816 717 qui
1853 634 2014 700 haec
2051 636 2288 703 dicant.

270 724 535 807 Verum,
571 722 822 806 opinor,
857 722 1223 805 viderimus,
1261 743 1409 786 cum
1447 721 1743 786 dixerint.
1809 720 2030 788 Unum
2066 727 2291 791 tamen
2315 744 2342 784 5

271 812 410 877 hoc·
432 811 750 896 cogitent,
793 810 891 875 ita
936 830 1005 874 se
1051 830 1283 895 graves
1330 830 1498 892 esse,
1544 814 1646 892 ut,
1691 810 1748 874 si
1791 811 2135 878 veritatem
2180 836 2289 878 vo·

272 902 412 964 lent
471 898 776 982 retinere,
848 897 1241 983 gravitatem
1303 897 1561 983 possint
1623 898 1946 981 obtinere3
2020 900 2076 964 si
2140 922 2287 965 eam

156 982 175 1000 ‘
269 987 644 1074 neglegere,
700 987 823 1067 [ita
877 986 1050 1051 leves
1097 986 1283 1069 sint,]
1329 990 1405 1051 ut
1454 1006 1676 1051 omnes
1721 986 2113 1072 intellegant
2153 1010 2288 1053 non

273 1074 355 1140 ad
391 1074 812 1140 obtinendum
854 1074 1276 1152 mendacium,
1323 1073 1435 1139 sed
1481 1073 1563 1139 ad
1607 1095 1832 1140 verum
1878 1075 2283 1160 probandum

273 1164 732 1229 auctoritatem
779 1161 1101 1227 adiuvare.
2313 1184 2366 1223 10

403 1250 549 1336 Ego
601 1250 760 1316 haec
814 1250 940 1315 duo
996 1270 1264 1334 quaem,
1318 1249 1602 1334 primum
1648 1271 1778 1334 qua
1821 1250 2073 1316 ratione
2116 1248 2285 1316 Nae-

202 1302 413 1404 ⁶vius
483 1322 857 1423 susceptum
918 1338 1256 1424 negotium
1317 1359 1452 1403 non
1513 1338 1936 1425 transegerit,
1999 1338 2122 1404 hoc
2185 1343 2289 1405 est

271 1450 384 1493 cur
429 1428 627 1509 bona,
682 1448 848 1511 quae
894 1448 971 1490 ex
1018 1426 1226 1491 edicto
1273 1426 1678 1510 possidebat,
1730 1448 1862 1491 non
1907 1427 2288 1511 vendiderit,

271 1514 499 1580 deinde
536 1536 650 1579 cur
686 1534 763 1578 ex
798 1517 902 1579 tot
937 1513 1365 1579 creditoribus
1406 1514 1573 1579 alius
1611 1514 1694 1579 ad
1731 1515 1927 1580 istam
1965 1515 2286 1581 rationem

268 1623 459 1668 nemo
516 1601 891 1680 accesserit,
944 1605 1019 1666 ut
1071 1602 1435 1668 necessario
1485 1603 1831 1668 confiteare
1884 1624 2093 1687 neque
2147 1608 2286 1669 tam
2314 1622 2368 1663 1⁵

269 1690 685 1755 temerarium
757 1711 1146 1774 quemquam
1211 1689 1440 1773 fuisse,
1511 1712 1718 1774 neque
1786 1695 1853 1755 te
1919 1692 2133 1791 ipsum
2202 1692 2286 1775 id,

272 1778 444 1862 quod
479 1778 856 1863 turpissime
896 1777 1306 1862 suscepisses,
1349 1799 1765 1863 perseverare
1811 1783 1877 1843 et
1920 1779 2283 1865 transigere

267 1867 577 1951 potuisse.
659 1864 852 1949 Quid,
897 1866 953 1930 si
992 1869 1067 1931 tu
1104 1866 1270 1951 ipse,
1317 1864 1459 1932 Sex,
1494 1865 1729 1949 Naevi,
1777 1868 2069 1932 statuisti
2113 1868 2288 1933 bona

269 1955 339 2020 P.
367 1954 624 2032 Quincti
664 1976 740 2020 ex
778 1917 986 2021 edicto
1022 1976 1327 2040 possessa
1360 1976 1494 2020 non
1531 1954 1716 2020 esse?
1788 1952 2053 2058 Opinor,
2096 1958 2285 2022 tuum

269 2044 744 2127 testimonium,
789 2043 961 2127 quod
1005 2042 1075 2108 in
1120 2045 1334 2108 aliena
1376 2065 1448 2107 re
1494 2044 1635 2109 leve
1681 2047 1878 2126 esset,
1922 2043 1987 2107 id
2033 2044 2102 2107 in
2147 2048 2281 2122 tua,
2310 2063 2366 2104 20

270 2133 576 2217 quoniam
605 2135 833 2197 contra
857 2135 925 2196 te
954 2135 1072 2212 est,
1109 2131 1567 2215 gravissimum
1596 2132 1787 2196 debet
1823 2152 1980 2196 esse.
2041 2130 2284 2196 Emisti

269 2221 441 2285 bona
496 2218 639 2284 Scir.
670 2218 894 2283 Alfeni
936 2216 1009 2282 L.
1046 2215 1231 2283 Sulla
1276 2218 1594 2284 dictatore
1638 2220 1984 2303 vendente3
2038 2221 2286 2285 socium

268 2308 393 2372 tibi
428 2307 497 2370 in
541 2306 645 2370 his
692 2306 880 2370 bonis
929 2304 1188 2370 edidisti
1224 2304 1616 2381 Quinctium.
1698 2306 1901 2372 Plura
1943 2329 2078 2372 non
2123 2309 2284 2374 dico,

270 2393 434 2459 Cum
492 2414 566 2457 eo
612 2397 687 2458 tu
732 2394 1169 2458 voluntariam
1215 2395 1594 2460 societatem
1641 2395 1861 2461 coibas
1870 2446 1888 2478 ,
1948 2396 2060 2480 qui
2105 2400 2172 2460 te
2217 2396 2287 2460 in

268 2480 663 2545 hereditaria
727 2481 1035 2546 societate
1096 2481 1460 2564 fraudarat,
1527 2487 1595 2548 et
1659 2505 1804 2549 eum
1868 2484 2103 2549 iudicio
2167 2488 2283 2549 tuo
2313 2501 2368 2542 25

269 2569 760 2654 comprobabaS,
797 2591 987 2653 quem
1024 2571 1380 2655 spoliatum
1420 2572 1598 2636 fama
1633 2570 2044 2656 fortunisque
2085 2573 2285 2637 omni·

268 2659 391 2723 bus
439 2657 890 2723 arbitrabare?

400 2744 796 2810 Diffidebam
833 2746 1215 2830 mehercule,
1261 2743 1331 2812 O.
1360 2746 1604 2831 Aquili,
1649 2747 1812 2811 satis
1850 2746 2066 2812 animo
2106 2752 2284 2813 certo

269 2838 336 2899 et
390 2834 770 2899 confirmato
817 2856 920 2899 me
963 2855 1156 2919 posse
1200 2835 1270 2899 in
1316 2834 1440 2899 hac
1485 2856 1681 2900 causa
1725 2835 2097 2900 consistere.
2179 2833 2285 2900 Sic

268 2922 668 3008 cogitabam,
722 2944 868 2988 cum
913 2926 1139 2988 contra
1185 2922 1474 2987 dicturus
1521 2925 1694 2987 esset
1739 2921 2159 3006 Hortensius,
2216 2927 2283 2988 et
2311 2942 2367 2982 so

267 3032 413 3076 cum
480 3033 583 3075 me
638 3014 810 3075 esset
865 3014 1115 3075 attente
1171 3010 1506 3075 auditurus
1561 3009 1930 3094 Philippus,
1991 3010 2133 3076 fore
2186 3012 2286 3076 uti

265 3099 609 3182 permultis
660 3099 732 3163 in
775 3098 969 3163 rebus
1013 3099 1249 3162 timore
1296 3098 1689 3182 prolaberer.
1770 3098 2086 3164 Dicebam
2132 3099 2286 3165 huic

268 3184 340 3261 Q.
378 3185 634 3265 Roscio,
680 3186 860 3251 cuius
901 3207 1085 3251 soror
1120 3189 1222 3250 est
1262 3207 1409 3251 cum
1449 3184 1520 3250 P.
1549 3183 1869 3271 Quinctio,
1914 3208 2061 3252 cum
2097 3209 2138 3253 a
2182 3209 2288 3251 me

264 3277 516 3357 peteret
571 3278 638 3338 et
693 3296 943 3339 summe
997 3273 1439 3357 contenderet,
1493 3276 1568 3337 ut
1612 3275 2050 3359 propinquum
2098 3297 2288 3339 suum

267 3360 693 3445 defenderem,
728 3361 889 3427 mihi
925 3359 1304 3446 perdifficile
1343 3382 1483 3426 esse
1520 3365 1748 3427 contra
1784 3362 1952 3427 tales
1993 3368 2287 3428 oratores
2314 3380 2369 3422 35

265 3468 398 3513 non
426 3448 618 3514 modo
648 3452 905 3514 tantam
933 3471 1193 3514 causam
1221 3470 1545 3534 perorare,
1579 3449 1692 3515 sed
1720 3451 1984 3515 omnino
2012 3452 2288 3516 verbum

262 3537 477 3601 facere
514 3537 751 3602 conari.
822 3535 987 3602 Cum
1024 3538 1317 3625 cupidius
1354 3538 1649 3618 instaret,
1685 3538 1937 3603 homini
1972 3560 2093 3624 pro
2132 3539 2289 3604 ami-
