2566 4016
653 246 789 299 ΜΒ.
829 246 906 301 1V
970 247 1127 325 CAP.
1164 250 1376 300 40-49
1414 250 1445 312 5
1487 251 1780 303 ios—108.
2080 250 2215 312 409

205 389 676 474 antiquissimis
733 387 1127 454 Graecorum
1181 389 1422 454 litteris
1479 410 1554 454 ac
1606 391 2069 474 monumentis,
2122 391 2215 455 in—

204 479 413 543 sulam
467 475 758 543 Siciliam
815 481 1028 542 totam
1083 498 1224 542 esse
1276 475 1497 542 Cereri
1550 481 1618 542 et
1670 477 1944 543 Liberae
1999 480 2215 545 conse-

201 570 467 631 cratam.
565 565 709 630 Hoc
781 587 928 630 cum
1002 568 1253 631 ceterae
1324 566 1577 650 gentes·
1628 565 1721 630 sic
1795 566 2215 651 arbitrantur,

201 657 341 719 tum
402 654 566 738 ipsis
630 651 865 718 Siculis
928 653 1025 718 ita
1086 674 1471 738 persuasum
1535 656 1661 736 est,
1721 658 1798 718 ut
1855 654 1925 718 in
1980 655 2214 719 animis

148 759 175 800 ⁵
203 764 424 807 eorum
461 742 732 806 insitum
774 746 969 826 atque
1012 742 1313 806 innatum
1357 762 1499 805 esse
1543 739 1857 807 videatur.
1929 741 2103 807 Nam
2149 746 2216 806 et

200 834 390 896 natas
428 828 569 895 esse
606 830 725 894 has
771 830 842 894 in
884 829 966 894 iis
1014 830 1175 895 locis
1223 830 1376 894 deas
1422 832 1490 894 et
1531 828 1754 914 fruges
1799 831 1870 894 in
1915 852 1991 895 ea
2035 833 2215 895 terra
2312 887 2315 892 .

199 919 480 1003 primum
551 921 846 1003 repertas
920 918 1061 983 esse
1136 917 1540 982 arbitrantur
1612 922 1678 982 et
1746 921 2008 1003 raptam
2073 940 2213 984 esse

199 1006 520 1091 Liberam,
566 1028 762 1090 quam
809 1006 1077 1071 eandem
1112 1006 1573 1090 Proserpinam
1609 1011 1873 1090 vocant,
1918 1029 1996 1071 ex
2040 1005 2213 1071 Hen-

198 1094 495 1159 nensium
534 1114 815 1177 nemore,
861 1094 975 1177 qui
1017 1094 1218 1176 locuS,
1264 1094 1438 1176 quod
1479 1093 1552 1156 in
1595 1094 1808 1158 media
1854 1098 1954 1158 est
1998 1095 2214 1160 insula

119 1199 173 1240 ιο
201 1181 392 1265 situS,
453 1181 800 1245 umbilicus
856 1179 1113 1245 Siciliae
1170 1181 1564 1245 nominatur.
1654 1180 1865 1257 Quam
1920 1203 2066 1247 cum
2120 1182 2213 1246 in-

199 1269 526 1354 vestigare
582 1272 648 1332 et
702 1269 1078 1369 conquirere
1133 1265 1329 1332 Ceres
1384 1269 1612 1351 vellet,
1676 1269 1913 1334 dicitur
1964 1270 2213 1335 inflam—

200 1377 411 1421 masse
465 1355 690 1421 taedas
740 1358 870 1437 [ex]
916 1356 998 1420 iis
1044 1350 1334 1456 ignibus,
1390 1357 1502 1440 qui
1547 1378 1625 1420 ex
1669 1356 1923 1422 Aetnae
1969 1358 2212 1423 vertice

201 1448 572 1528 erumpunt3
654 1465 815 1528 quas
888 1444 1017 1509 sibi
1088 1466 1235 1510 cum
1307 1443 1451 1528 ipsa
1520 1445 1905 1529 praeferret,
1986 1447 2212 1511 orbem

200 1554 457 1597 omnem
499 1553 887 1618 peragrasse
937 1537 1277 1597 terrarum.
1359 1531 1594 1597 Henna
1641 1537 1876 1617 autem,
1921 1535 2036 1599 ubi
2082 1556 2175 1618 ea,
2215 1551 2317 1600 10⁷

119 1638 173 1680 15
200 1642 363 1704 quae
401 1620 561 1705 dico,
608 1625 798 1707 gesta
833 1642 974 1686 esse
1011 1625 1473 1705 memorantur,
1519 1623 1620 1685 est
1656 1623 1800 1687 loco
1838 1624 2210 1706 perexcelso

198 1714 391 1793 atque
428 1708 620 1793 edito,
665 1731 793 1793 quo
828 1710 918 1779 in,
937 1731 1190 1774 summo
1238 1712 1341 1773 est
1385 1712 1666 1792 aequata
1711 1709 1856 1794 agri
1899 1710 2211 1794 planities

200 1801 265 1861 et
311 1818 516 1880 aquae
560 1819 925 1881 peremneS,
973 1801 1121 1862 tota
1164 1817 1318 1860 vero
1367 1796 1448 1860 ab
1497 1797 1674 1860 omni
1722 1796 1903 1861 aditu
1948 1798 2212 1863 circum-

200 1883 335 1947 cisa
370 1886 566 1966 atque
604 1884 861 1949 derecta
902 1888 1029 1966 est3
1075 1905 1270 1966 quam
1319 1884 1490 1948 circa
1533 1884 1714 1947 lacus
1761 1883 2037 1967 lucique
2060 1888 2214 1949 sunt

199 1970 465 2056 plurimi
527 1974 721 2073 atque
784 1933 1129 2036 laetissimi
1190 1970 1384 2034 flores
1450 1971 1628 2034 omni
1690 1974 1999 2073 tempore
2043 1973 2213 2058 anni,

119 2078 175 2119 20
201 2062 381 2125 locus
445 2062 520 2124 ut
580 2060 722 2161 ipse
784 2063 1048 2143 raptum
1108 2058 1300 2121 illum
1361 2057 1660 2152 virginis,
1725 2080 1917 2141 quem
1979 2060 2111 2125 iam
2174 2084 2215 2126 a

200 2148 417 2232 pueris
474 2148 862 2231 accepimus,
918 2147 1244 2211 declarare
1299 2146 1612 2210 videatur.¹
1701 2145 2007 2212 Etenim
2006 2170 2213 2233 prope

202 2240 302 2299 est
339 2235 648 2319 spelunca
692 2234 1009 2319 quaedam
1056 2255 1369 2298 conversa
1416 2234 1498 2298 ad
1543 2233 1913 2318 aquilonem
1956 2236 2214 2302 infinita

202 2323 564 2407 altitudine,
602 2345 729 2407 qua
755 2323 978 2387 Ditem
1007 2322 1262 2408 patrem
1289 2322 1509 2387 ferunt
1535 2326 1802 2407 repente
1839 2344 1985 2388 cum
2022 2346 2214 2390 curru

202 2410 494 2476 extitisse
536 2412 1003 2496 abreptamque
1049 2432 1126 2475 ex
1172 2431 1248 2474 eo
1295 2411 1440 2475 loco
1484 2410 1806 2495 virginem
1854 2413 2087 2477 secum'
2117 2436 2214 2479 as-

118 2514 173 2556 25
198 2504 495 2584 portasse
551 2504 615 2564 et
671 2500 889 2565 subito
944 2521 1079 2564 non
1130 2500 1327 2585 longe
1374 2521 1414 2563 a
1459 2496 1794 2582 Syracusis
1839 2506 2226 2584 penetrasse,

200 2588 320 2653 sub
357 2591 587 2673 terras,
632 2588 1027 2672 lacumque
1008 2610 1078 2652 111
1120 2608 1194 2651 eo
1241 2587 1386 2652 loco
1431 2590 1695 2673 repente
1743 2588 2054 2672 extitisse,
2099 2592 2214 2656 ubi

198 2697 402 2758 usque
467 2677 549 2741 ad
610 2677 733 2742 hoc
796 2680 1052 2760 tempus
1113 2674 1504 2759 Syracusani
1563 2673 1770 2740 festos
1835 2676 1971 2741 dies
2036 2678 2213 2741 anni-

198 2763 522 2827 versarios
552 2768 759 2848 agunt
785 2763 1202 2829 celeberrimo
1228 2763 1518 2828 virorum
1554 2763 2025 2847 mulierumque
2056 2785 2213 2829 0011-

199 2853 417 2914 ventu,
495 2849 801 2951 Propter
874 2851 1067 2915 huius
1141 2850 1465 2934 opinionis
1537 2853 1977 2934 vetustatem,
2041 2852 2213 2935 quod
2229 2850 2316 2915 49

114 2955 173 2997 so
198 2937 434 3002 horum
488 2937 559 3001 in
611 2938 693 3001 iis
748 2938 909 3003 locis
964 2938 1245 3023 vestigia
1302 2959 1377 3001 ac
1430 2958 1632 3021 prope
1681 2939 2075 3003 incunabula
2119 2961 2214 3005 10·

195 3025 539 3110 periuntur
577 3025 861 3109 deorum,
906 3025 1074 3090 mira
1112 3025 1443 3108 quaedam
1465 3028 1611 3090 tota
1647 3022 1869 3091 Sicilia
1902 3026 2213 3110 privatim

198 3135 310 3179 ac
345 3112 604 3198 publice
677 3113 911 3200 religio
978 3114 1079 3176 est
1142 3110 1395 3177 Cereris
1457 3110 1844 3178 Hennensis.
1949 3114 2213 3180 Etenim

197 3203 410 3267 multa
447 3223 637 3287 saepe
673 3201 974 3288 prodigia
1007 3199 1142 3265 vim
1180 3200 1319 3265 eius
1363 3203 1728 3284 numenque
1775 3201 2212 3287 declararunt3

195 3290 424 3355 multis
481 3311 673 3375 saepe
727 3289 798 3354 in
851 3288 1253 3354 difficillimis
1304 3289 1498 3354 rebus
1543 3310 1848 3374 praesens
1897 3289 2238 3356 0011111010,

109 3394 167 3437 115
196 3378 336 3443 eius
392 3378 690 3443 oblatum
745 3382 873 3462 est,
932 3380 1007 3442 ut
1058 3378 1219 3442 haec
1271 3376 1488 3442 insula
1543 3377 1626 3442 ab
1681 3399 1759 3443 ea
1809 3400 1943 3443 non
1997 3379 2211 3443 solum

195 3466 412 3551 diligi,
475 3467 590 3531 sed
644 3466 843 3532 etiam
897 3465 1112 3530 incoli·
1150 3466 1607 3550 custodirique
1633 3464 1947 3533 videatur.
2037 3465 2177 3533 Nec
2213 3479 2316 3530 108

194 3554 411 3618 solum
447 3551 665 3638 Siculi,
709 3576 938 3621 verum
975 3554 1173 3619 etiam
1211 3558 1462 3620 ceterae
1510 3559 1737 3641 gentes
1781 3555 2206 3641 nationesque
