2566 4016
662 194 797 249 LIB.
831 193 882 248 V
937 193 1090 271 GAP.
1130 200 1338 250 36—38
1376 201 1406 260 ς
1442 200 1707 250 95-101.
2073 197 2206 261 465

193 359 320 423 quo
360 337 751 421 simulatque
789 336 1048 421 adisset,
1090 358 1225 402 non
1260 336 1453 402 modo
1493 360 1532 401 a
1578 337 1801 421 latere,
1846 339 1959 404 sed
2006 340 2204 406 etiam

194 449 233 491 a
277 430 466 511 tergo
512 445 821 511 magnam
865 428 1120 511 partem
1166 425 1346 490 urbis
1391 425 1830 508 relinqueret?
1908 425 2202 493 Insulam

192 517 403 581 totam
449 517 932 598 praetervectus
979 517 1098 597 est,
1143 534 1308 596 quae
1355 516 1456 577 est
1499 512 1656 591 urbs
1704 510 2038 596 Syracusis
2087 537 2203 582 suo

191 602 452 667 nomine
508 623 582 666 ac
636 601 1000 682 moenibuS,
1058 622 1185 684 quo
1239 601 1311 664 in
1363 601 1508 665 loco
1563 601 1870 685 maiores,
1925 605 1999 666 ut
2055 608 2205 668 ante

138 709 165 751 ⁵
195 689 345 772 dixi,
381 687 855 773 Syracusanum
891 689 1191 754 habitare
1228 692 1589 773 vetuerunt,
1636 688 1826 772 quod,
1873 690 1984 774 qui
2019 690 2205 755 illam

192 782 449 862 partem
502 776 683 841 urbis
738 781 1060 862 tenere'nt,
1112 777 1183 841 in
1232 799 1455 855 eorum
1499 780 1896 861 potestatem
1940 781 2204 862 portum

190 865 485 930 futurum
529 865 1020 951 intellegebant.
1100 864 1196 929 At
1240 887 1432 949 quem
1479 865 1561 929 ad
1607 864 1868 930 modum
1916 869 2016 931 est
2061 889 2202 950 per-

191 955 497 1039 vagatus!
560 953 831 1018 Radices
860 954 1227 1038 palmarum
1256 952 1636 1039 agrestium,
1670 975 1831 1037 quas
1859 953 1929 1018 in
1960 954 2204 1019 nostris

190 1041 468 1106 navibus
495 1041 897 1122 invenerant,
930 1041 1285 1123 iactabant,
1321 1044 1395 1105 ut
1433 1061 1656 1105 omnes
1691 1041 1883 1105 istius
1920 1042 2204 1127 inprobi-

108 1149 167 1190 ιο
192 1132 399 1192 tatem
471 1132 539 1192 et
614 1128 1056 1192 calamitatem
1128 1126 1385 1194 Siciliae
1459 1132 1730 1214 possent
1801 1150 2204 1215 cognoscere.

194 1214 529 1281 Siculosne
571 1215 872 1299 milites,
889 1219 1303 1280 aratorumne
1349 1216 1619 1300 liberoS,
1663 1239 1939 1301 quorum
1984 1222 2204 1301 patres

193 1307 451 1369 tantum
488 1303 713 1367 labore
751 1325 867 1368 suo
904 1303 1215 1368 frumenti
1261 1304 1635 1388 exarabant,
1679 1308 1780 1369 ut
1798 1305 2041 1390 populo
2079 1304 2206 1371 Ro-

194 1413 387 1456 mano
451 1390 703 1474 totique
755 1389 989 1456 Italiae
1054 1392 1466 1493 suppeditare
1529 1396 1823 1477 possent,
1889 1414 2081 1458 eosne
2137 1394 2207 1458 in

193 1479 409 1544 insula
437 1477 687 1544 Cereris
723 1483 935 1564 natos,
980 1479 1093 1544 ubi
1128 1480 1411 1565 primum
1446 1480 1668 1566 fruges
1715 1481 2017 1546 inventae
2064 1503 2205 1547 esse

107 1585 166 1627 15
195 1567 518 1651 dicuntur,
584 1589 657 1631 eo
723 1566 867 1632 cibo
928 1588 1069 1633 esse
1123 1589 1276 1633 usos
1286 1618 1305 1652 ,
1370 1591 1409 1632 a
1462 1590 1590 1652 quo
1645 1569 1924 1634 maiores
1981 1591 2205 1635 eorum

193 1659 437 1722 ceteros
467 1677 722 1740 quoque
748 1655 1048 1741 frugibus
1074 1655 1356 1721 inventis
1390 1659 1829 1721 removerunt!
1895 1657 1987 1722 Te
2023 1680 2206 1741 prae-

192 1747 335 1808 tore
374 1742 575 1808 Siculi
619 1743 860 1808 milites
897 1744 1282 1828 palmarum,
1312 1743 1644 1827 stirpibus,
1688 1744 1941 1827 piratae
1987 1742 2205 1811 Siculo

2241 881 2311 932 99

191 1830 518 1894 frumento
579 1830 947 1896 alebantur!
1031 1831 1086 1896 O
1132 1830 1574 1915 spectaculum
1618 1831 1928 1895 miserum
1975 1835 2170 1916 atque
2210 1845 2314 1897 100

45 1984 46 1987 ,
194 1917 523 1983 acerbum!
570 1917 850 1982 ludibrio
897 1939 1037 1982 esse
1081 1918 1263 1982 urbis
1312 1917 1610 2003 gloriam,
1653 1918 1880 2002 populi
1925 1916 2206 1985 Romani

104 2026 167 2067 20
192 2027 457 2090 nomen,
510 2005 846 2070 hominum
899 2008 1289 2071 conventum
1344 2008 1539 2089 atque
1585 2005 2069 2072 multitudinem
2113 2008 2207 2094 pi·

192 2095 397 2160 ratico
427 2093 835 2178 myoparoni!
880 2093 949 2157 in
974 2098 1170 2178 portu
1200 2092 1603 2177 Syracusano
1634 2094 1711 2159 de
1740 2095 1948 2172 classe
1982 2096 2208 2181 populi

191 2182 471 2248 Romani
542 2181 947 2266 triumphum
1021 2202 1214 2267 agere
1285 2181 1597 2267 piratam,
1670 2203 1814 2247 cum
1884 2184 2206 2268 praetoris

191 2269 572 2335 inertissimi
622 2269 1131 2354 nequissimique
1186 2270 1409 2335 oculos
1459 2269 1857 2355 praedonum
1903 2272 2068 2336 remi
2111 2294 2207 2337 re-

193 2343 601 2443 spei-gerent!

45 2499 46 2524 3
101 2464 165 2506 2⁵
323 2445 757 2532 Posteaquam
811 2467 846 2510 e
894 2450 1092 2531 portu
1133 2445 1388 2530 piratae
1432 2468 1564 2524 non
1609 2449 1788 2511 metu
1834 2447 2053 2532 aliquo
2101 2448 2208 2525 ad-

189 2526 372 2618 fecti,
427 2535 539 2602 sed
589 2534 896 2599 satietate
941 2534 1259 2618 exierunt,
1314 2538 1457 2612 tum
1503 2539 1853 2620 coeperunt
1899 2557 2206 2620 quaerere

190 2622 486 2688 homines
563 2644 826 2688 causam
896 2621 1075 2687 illius
1148 2625 1375 2688 tantae
1447 2623 1859 2689 calamitatis.
1972 2623 2206 2690 Dicere

193 2730 415 2773 omnes
455 2713 520 2773 et
563 2711 786 2794 palam
831 2709 1161 2794 disputare
1189 2710 1474 2796 ,minime
1520 2733 1660 2775 esse
1705 2711 2101 2795 mirandum,
2148 2712 2206 2776 si

45 2859 46 2866 χ
192 2796 547 2880 remigibus
604 2797 1046 2880 militibusque
1102 2798 1415 2882 dimissis,
1468 2798 1736 2881 reliquis
1792 2801 2084 2882 egestate
2139 2802 2208 2863 et

45 2929 46 2940 ,
102 2900 165 2943 so
192 2882 364 2947 fame
410 2882 679 2967 perditis
689 2934 707 2968 ,
751 2887 1053 2967 praetore
1097 2888 1202 2949 tot
1247 2885 1382 2949 dies
1429 2906 1575 2949 cum
1621 2884 2016 2951 mulierculis
2062 2908 2204 2971 per-

188 2974 462 3057 potante
524 2973 713 3035 tanta
765 2971 1125 3056 ignominia
1179 2975 1245 3036 et
1301 2972 1639 3037 calamitas
1697 2976 1868 3037 esset
1922 2978 2200 3059 accepta.

188 3058 369 3125 Haec
399 3062 616 3124 autem
642 3058 834 3122 istius
863 3058 1256 3144 vituperatio
1296 3064 1491 3143 atque
1527 3059 1798 3126 infamia
1834 3062 2168 3127 confirma-
2208 3082 2309 3134 101

187 3148 385 3212 batur
422 3169 643 3212 eorum
683 3168 993 3231 sermone,
1040 3147 1150 3230 qui
1187 3170 1228 3211 a
1265 3147 1398 3212 suis
1436 3148 1811 3213 civitatibus
1849 3148 1983 3214 illis
2024 3150 2204 3215 navi-

45 3287 46 3312 2
187 3236 311 3301 bus
375 3234 735 3320 praepositi
796 3233 1074 3299 fuerant.
1164 3232 1290 3311 Qui
1343 3257 1420 3300 ex
1473 3236 1590 3301 illo
1645 3251 1914 3302 numero
1969 3238 2205 3323 reliqui

97 3340 161 3384 ³5
190 3322 542 3427 Syracusas
579 3323 787 3388 classe
830 3323 1073 3388 amissa
1115 3323 1513 3409 refugerant,
1559 3325 1877 3409 dicebant,
1922 3330 2082 3409 quot
2127 3348 2205 3391 ex

190 3433 308 3476 sua
362 3413 631 3498 quisque
675 3432 839 3476 nave
886 3411 1119 3477 missos
1168 3412 1361 3479 sciret
1409 3434 1566 3478 esse.
1648 3413 1779 3478 Res
1825 3375 1967 3478 e’rat
2012 3416 2204 3499 clara,

186 3520 396 3584 neque
460 3501 674 3566 solum
739 3500 1165 3586 argumentiS,
1230 3501 1343 3567 sed
1409 3501 1607 3568 etiam
1667 3500 1862 3568 certis
1922 3503 2202 3569 testibus

296 3610 493 3654 010.11.
524 3614 560 3653 1.
1710 3611 1780 3661 30
