2566 4016
343 243 476 308 354
938 239 1020 294 IN
1057 240 1116 296 C.
1152 238 1465 296 VERREM
1499 237 1657 295 ACT.
1692 239 1764 296 II.

341 387 466 453 hoc
517 386 629 471 iis,
681 385 796 470 qui
848 383 1122 452 aderant
1171 382 1357 470 (nam
1409 405 1650 472 magno
1694 389 2018 451 conventu
2062 389 2212 451 acta
2254 405 2365 452 res

343 475 490 562 est),
565 473 1092 560 indignissimum
1163 473 1533 558 videbatur,
1615 495 1743 558 qua
1812 473 1883 538 in
1945 494 2025 538 re
2098 479 2364 540 senatus

344 564 589 649 optime
626 585 701 628 ac
745 561 1210 648 benignissime
1256 584 1405 627 cum
1451 562 1820 627 aratoribus
1868 562 2130 647 egisset,
2175 564 2364 648 large

341 652 829 737 liberaliterque
857 650 1287 735 aestimasset,
1311 649 1394 715 in
1422 672 1499 715 ea
1532 671 1604 715 re
1638 650 1938 735 praedari
1972 655 2364 736 praetorem,

340 741 532 807 bonis
585 739 790 806 everti
845 743 1135 804 aratores
1145 789 1164 823 ,
1218 743 1287 804 et
1336 738 1405 803 id
1456 759 1589 804 non
1643 740 1835 805 modo
1884 739 2054 823 fieri,
2110 739 2221 804 sed
2264 739 2365 804 ita
2390 759 2422 800 ⁵

339 830 508 913 fieri,
555 827 742 912 quasi
787 827 983 892 liceat
1027 848 1529 911 concessumque
1577 827 1681 891 sit.

236 931 341 981 205
475 879 644 992 Quid
705 915 788 980 ad
849 915 1010 981 haec
1063 915 1500 981 Hortensius?
1570 915 1813 981 falsum
1878 936 2020 981 esse
2075 915 2365 981 crimen?

340 1003 485 1071 Hoc
537 1026 892 1088 numquam
948 1004 1134 1069 dicet
1222 1003 1376 1070 Non
1432 1024 1741 1090 magnam
1786 1005 1910 1069 hac
1954 1004 2207 1069 ratione
2249 1024 2369 1089 pe-

343 1093 599 1160 cuniam
644 1093 951 1179 captam?
1031 1091 1133 1158 Ne
1176 1092 1244 1156 id
1291 1092 1550 1176 quidem
1597 1092 1782 1158 dicet
1861 1090 2015 1157 Non
2057 1093 2367 1158 iniuriam

341 1182 585 1249 factam
627 1179 860 1248 Siculis
908 1184 1104 1267 atque
1151 1181 1519 1248 aratoribus
1532 1180 1566 1245 P
1647 1180 1773 1256 Qui
1817 1180 2063 1265 poterit
2109 1180 2313 1246 dicere
2326 1181 2369 1246 ⁴?
2400 1203 2456 1243 ιο

343 1270 511 1348 Quid
535 1271 745 1357 igitur
778 1270 990 1335 dicet‘?
1052 1268 1310 1335 Fecisse
1348 1269 1532 1334 alios.
1595 1267 1763 1344 Quid
1799 1274 1902 1335 est
1935 1269 2104 1334 hoc?
2141 1273 2369 1335 utrum

343 1359 598 1425 crimini
662 1358 948 1423 defensio
1005 1379 1090 1422 an
1143 1358 1493 1424 comitatus
1548 1357 1743 1422 exilio
1800 1357 2174 1442 quaeritur?
2263 1357 2370 1423 'Pu

341 1448 414 1511 in
465 1447 589 1511 hac
635 1466 709 1510 re
751 1444 1015 1530 publica
1060 1448 1256 1529 atque
1299 1445 1371 1510 in
1413 1447 1538 1510 hac
1581 1446 1920 1511 hominum
1965 1446 2233 1511 libidine
2279 1451 2370 1530 et,

342 1538 418 1600 ut
474 1533 683 1599 adhuc
735 1532 968 1598 habuit
1013 1553 1086 1598 se
1131 1536 1345 1599 status
1389 1533 1801 1619 iudiciorum,
1855 1534 2055 1599 etiam
2100 1534 2373 1600 licentia

345 1624 504 1704 [non
549 1643 626 1686 ex
671 1621 828 1706 iure,
874 1638 1015 1686 non
1052 1642 1130 1685 ex
1176 1621 1550 1706 aequitate,]
1595 1644 1730 1688 non
1776 1644 1853 1687 ex
1897 1623 2063 1709 lege,
2108 1644 2241 1688 non
2286 1645 2373 1688 ex
2402 1644 2457 1684 15

344 1732 448 1797 e0,
507 1709 680 1796 quod
733 1709 1124 1796 oportuerit,
1184 1731 1320 1776 non
1373 1732 1451 1776 ex
1505 1731 1612 1796 00,
1678 1711 1850 1795 quod
1903 1711 2187 1795 licuerit,
2253 1712 2373 1776 sed

345 1822 424 1866 ex
488 1820 563 1865 eo
574 1849 593 1885 ,
657 1798 830 1884 quod
893 1798 1097 1884 aliqui
1154 1797 1408 1883 fecerit,
1470 1797 1565 1882 id,
1630 1799 1803 1883 quod
1855 1798 2373 1884 reprehenditur,

237 1899 343 1950 206
379 1892 554 1955 recte
589 1887 838 1955 factum
873 1908 1015 1953 esse
1061 1886 1409 1953 defendes?
1489 1885 1809 1952 Fecerunt
1854 1888 1968 1953 alii
2013 1888 2061 1970 †
2106 1887 2373 1971 quidem

256 2047 271 2062 ⁸
345 1978 477 2044 alia
514 2000 709 2064 quam
745 1977 981 2062 multa3
1027 1997 1140 2043 cur
1178 1975 1250 2041 in
1292 1975 1419 2043 hoc
1461 1997 1591 2042 uno
1637 1976 1907 2041 crimine
1950 1976 2082 2043 isto
2131 1997 2376 2078 genere

345 2066 735 2133 defensionis
761 2065 1011 2131 uteris}>
1085 2062 1250 2130 Sunt
1289 2064 1605 2149 quaedam
1643 2066 1905 2130 omnino
1940 2065 2012 2130 ιιι
2046 2069 2113 2130 te
2150 2065 2376 2151 singu·
2403 2087 2461 2128 zo

345 2156 530 2240 laria,
575 2176 741 2239 quae
777 2154 848 2219 in
882 2154 1136 2218 nullum
1171 2153 1504 2218 hominem
1550 2152 1752 2219 alium
1798 2153 1925 2218 dici
1967 2175 2172 2239 neque
2219 2175 2378 2219 con·

345 2243 563 2309 venire
616 2241 900 2327 possint,
955 2240 1272 2325 quaedam
1326 2241 1452 2306 tibi
1508 2264 1653 2307 cum
1708 2242 1935 2306 multis
1982 2243 2375 2309 communia.

343 2332 544 2415 Ergo,
588 2334 664 2393 ut
700 2329 1002 2393 omittam
1037 2332 1209 2394 tuos
1225 2329 1584 2429 peculatus,
1628 2333 1704 2395 ut
1750 2331 1835 2395 ob
1877 2330 1983 2396 ius
2030 2331 2377 2397 dicendum

344 2416 648 2503 pecunias
695 2420 1020 2518 acceptas,
1064 2421 1140 2481 ut
1185 2417 1323 2482 eius
1370 2417 1547 2482 modi
1591 2422 1831 2502 cetera,
1878 2440 2043 2503 quae
2086 2418 2376 2484 forsitan

345 2505 459 2571 alii
498 2525 752 2590 quoque
791 2504 989 2569 etiam
1025 2503 1316 2589 fecerint,
1361 2506 1543 2591 illud,
1588 2506 1656 2571 in
1695 2528 1821 2591 quo
1866 2510 1934 2572 te
1980 2507 2379 2594 gravissime
2407 2528 2458 2569 ιι

347 2594 661 2677 accusavi,
700 2593 871 2677 quod
900 2594 985 2658 ob
1010 2593 1421 2659 iudicandam
1447 2615 1586 2659 rem
1612 2594 1953 2679 pecuniam
1991 2595 2381 2682 accepisses,

347 2684 570 2750 eadem
633 2644 766 2748 ista
816 2681 1071 2748 ratione
1128 2682 1457 2768 defendes,
1509 2682 1740 2748 fecisse
1798 2683 2005 2749 alios?
2065 2682 2190 2749 Ut
2245 2706 2378 2771 ego

347 2772 675 2838 adsentiar
729 2770 1038 2856 orationi,
1103 2770 1541 2836 defensionem
1594 2775 1815 2836 tamen
1867 2792 2001 2836 non
2052 2772 2378 2875 probabo.

343 2861 574 2926 Potius
602 2859 773 2925 enim
809 2862 878 2924 te
915 2860 1223 2924 damnato
1261 2859 1492 2924 ceteris
1532 2860 1872 2945 angustior
1906 2860 2145 2926 locus
2123 2883 2378 2946 impro-

344 2949 574 3015 bitatis
612 2947 1046 3014 defendendae
1082 2947 1509 3032 relinquatur,
1556 2970 1751 3032 quam
1786 2951 1855 3013 te
1891 2948 2198 3013 absoluto
2235 2949 2377 3033 alii,
2404 2968 2458 3009 ω

347 3038 520 3123 quod
558 3036 1003 3103 audacissume
1037 3035 1348 3120 fecerunt,
1392 3040 1567 3102 recte
1600 3036 1831 3102 fecisse
1877 3036 2376 3103 existumentur.

239 3095 345 3222 ἐξ,
477 3125 735 3212 Lugent
772 3146 995 3189 omnes
1030 3124 1421 3209 provinciae,
1455 3129 1826 3209 queruntur
1872 3145 2094 3189 omnes
2140 3126 2382 3210 populi

331 3213 567 3298 liberi,
629 3234 835 3300 regna
876 3211 1169 3315 'denique
1233 3213 1433 3278 etiam
1489 3212 1707 3278 omnia
1761 3212 1838 3277 de
1886 3213 2137 3278 nostris
2190 3214 2381 3299 cupi-

348 3300 661 3365 ditatibus
700 3305 767 3365 et
802 3300 1056 3365 iniuriis
1102 3302 1546 3386 expostulant3
1592 3301 1773 3366 locus
1818 3301 1997 3366 intra
2041 3300 2381 3367 Oceanum

346 3384 479 3448 iam
529 3388 752 3452 nullus
804 3393 905 3454 est
948 3410 1156 3474 neque
1201 3393 1341 3455 tam
1388 3390 1784 3476 longinquus
1827 3411 2038 3473 neque
2083 3393 2228 3455 tam
2273 3412 2380 3456 re·
2403 3404 2453 3448 ³⁵

347 3471 669 3567 conditus,
723 3497 850 3557 quo
904 3497 1038 3541 non
1090 3498 1206 3577 per
1258 3478 1424 3545 haec
1480 3482 1779 3563 tempora
1830 3482 2209 3544 nostrorum
2255 3479 2381 3545 ho-
2521 3483 2522 3494 ’

347 3552 594 3619 ιιιιιιιιιιι
650 3559 854 3625 libido
907 3563 1354 3649 iniquitasque
1409 3568 1797 3651 pervaserit,
1863 3567 2182 3632 sustinere
2235 3567 2382 3632 iam
