2566 4016
901 242 1056 297 CAP.
1096 250 1234 299 3—5
1273 250 1304 310 ς
1344 251 1568 299 11—18.
2205 249 2249 314 5

235 405 428 469 saepe
493 389 831 470 suspectus
890 384 1191 461 Quinctio
1245 385 1533 454 Naevius
1596 388 1829 454 fuisset
1888 412 2096 476 neque
2157 392 2256 457 ita

233 473 570 539 commode
606 477 832 558 posset
868 474 1189 541 rationem
1235 475 1499 541 reddere
1546 498 1769 542 earum
1813 499 2047 562 rerum,
2093 502 2254 563 quas

232 561 520 645 libidine,
555 582 689 626 non
724 561 978 630 ratione
1015 566 1327 649 gesserat,
1364 564 1640 630 moritur
1673 566 1744 629 in
1771 563 1988 631 Gallia
2022 565 2256 641 Quinc-

231 649 393 727 tius,
465 671 614 714 cum
695 649 950 715 adesset
1019 650 1337 735 Naevius,
1410 657 1478 717 et
1557 653 1835 718 moritur
1896 655 2255 738 repentino.

175 754 202 796 ⁵
230 736 556 802 Heredem
610 740 1007 804 testamento
1058 740 1326 823 reliquit
1378 740 1552 806 hunc
1594 741 1665 807 P.
1712 740 2081 816 Quinctium
2092 792 2110 827 ,
2163 745 2255 826 ut,

231 825 316 891 ad
379 847 570 909 quem
637 847 926 892 summus
990 849 1246 892 maeror
1311 832 1520 893 morte
1583 851 1701 895 sua
1770 830 2098 914 veniebat,
2173 793 2256 896 ad

170 927 176 933 '
231 913 507 979 eundem
536 935 825 979 summus
852 915 1060 980 honos
1091 937 1345 1000 quoque
1372 918 1755 1001 perveniret.
1807 917 1946 993 Quo
1976 923 2253 1003 mortuo,

227 1024 349 1067 nec
393 1002 491 1067 ita
527 1003 735 1070 multo
771 1007 942 1089 post,
985 1003 1056 1068 in
1105 1002 1391 1070 Galliam
1431 1006 1862 1090 proficiscitur
1899 1004 2255 1090 Quinctius,

228 1090 325 1155 ibi
371 1112 517 1156 cum
563 1090 693 1155 isto
741 1089 1047 1173 [Naevio]
1091 1092 1507 1157 familiariter
1552 1094 1732 1159 vivit.
1812 1093 2076 1158 Annum
2119 1094 2255 1159 fere

155 1197 205 1237 10
231 1200 364 1243 una
392 1182 565 1263 sunt,
601 1201 747 1244 cum
781 1183 847 1244 et
885 1180 962 1244 de
1001 1180 1312 1245 societate
1349 1182 1559 1245 multa
1593 1182 1766 1246 inter
1800 1202 1870 1245 se
1907 1181 2257 1246 communi—

232 1269 458 1332 carent
523 1270 589 1331 et
652 1267 730 1332 de
793 1270 939 1333 tota
1000 1267 1116 1332 illa
1178 1268 1431 1334 ratione
1496 1272 1691 1351 atque
1753 1290 1825 1332 re
1889 1266 2257 1350 Gallicana3

229 1375 442 1437 neque
493 1355 744 1421 interea
803 1356 1073 1421 verbum
1118 1355 1328 1420 ullum
1373 1355 1765 1440 interposuit
1809 1354 2097 1421 Naevius
2143 1359 2257 1422 aut

232 1442 614 1508 societatem
635 1444 761 1507 sibi
780 1444 1115 1527 quidpiam
1134 1443 1385 1527 debere,
1414 1447 1529 1508 aut
1555 1443 1863 1528 privatim
1883 1442 2256 1519 Quinctium

234 1530 551 1596 debuisse.
626 1529 788 1596 Cum
826 1531 994 1597 aeris
1034 1531 1230 1596 alieni
1266 1531 1674 1616 aliquantum
1720 1536 1892 1597 esset
1936 1533 2254 1616 relictum,

156 1637 206 1678 15
233 1619 470 1704 quibus
522 1620 895 1684 nominibus
949 1620 1290 1705 pecuniam
1344 1620 1591 1686 Romae
1652 1621 1864 1686 curari
1909 1624 2259 1706 oporteret,

234 1707 601 1773 auctionem
645 1708 715 1772 in
751 1706 970 1773 Gallia
1012 1708 1085 1773 P.
1113 1708 1219 1774 hic
1247 1706 1584 1783 Quinctius
1619 1707 1929 1774 Narbone
1958 1730 2026 1772 se
2053 1708 2256 1774 factu-

231 1817 379 1861 rum
435 1816 574 1860 esse
628 1796 978 1879 proscribit
1031 1818 1253 1862 earum
1307 1818 1549 1879 rerum,
1613 1818 1779 1881 quae
1821 1796 2026 1879 ipsius
2073 1799 2259 1859 erant

232 1884 546 1969 privatae.
621 1882 726 1948 Ibi
770 1888 911 1949 tum
946 1884 1058 1949 vir
1103 1885 1389 1970 optimus
1427 1882 1569 1948 Sex.
1593 1882 1889 1948 'Naevius
1926 1881 2257 1946 hominem

234 1972 462 2037 multis
518 1972 733 2038 verbis
790 1972 1099 2057 deterret,
1150 1994 1232 2038 ne
1290 1970 1724 2053 auctionetur3
1778 1992 1926 2035 eum
1977 1990 2111 2035 non
2164 1970 2260 2034 ita

157 2079 208 2118 ὀ
236 2059 573 2127 commode
591 2076 784 2146 posse
804 2084 879 2127 eo
912 2065 1224 2145 tempore,
1256 2081 1384 2145 quo
1412 2058 1923 2143 proscripsisset,
1958 2058 2260 2141 vendere3

236 2149 488 2214 Romae
534 2149 660 2221 sibi
703 2170 1117 2214 nummorum
1159 2146 1545 2213 facultatem
1591 2166 1750 2227 esse,
1797 2167 2009 2229 quam,
2060 2145 2119 2210 si
2163 2167 2261 2210 sa—

236 2241 445 2321 peret,
489 2258 896 2302 communem
942 2236 1346 2302 existimaret
1390 2257 1510 2321 pro
1553 2234 1846 2299 fraterna
1889 2234 2008 2301 illa
2048 2256 2261 2300 neces—

236 2325 521 2390 situdine
558 2328 625 2391 et
669 2347 789 2411 pro
834 2325 1040 2410 ipsius
1087 2324 1435 2407 affinitate3
1488 2346 1642 2388 nam
1685 2324 1758 2387 P.
1804 2321 2065 2398 Quincti
2109 2345 2261 2389 con-

238 2413 573 2478 sobrinam
608 2413 811 2478 habet
835 2412 906 2477 in
935 2413 1352 2479 matrimonio
1379 2411 1666 2477 Naevius
1695 2415 1761 2476 et
1790 2433 1869 2476 ex
1897 2433 1973 2477 ea
2000 2412 2261 2478 liberos

159 2518 210 2560 25
239 2499 424 2585 Quia,
461 2501 635 2585 quod
679 2501 892 2566 virum
928 2502 1170 2566 bonum
1205 2500 1418 2566 facere
1457 2500 1819 2585 oportebat,
1854 2500 1921 2564 id
1958 2500 2262 2584 loqueba-

236 2593 345 2654 tur
398 2588 713 2673 Naevius,
767 2588 1039 2655 credidit
1096 2587 1433 2663 Quinctius
1497 2610 1670 2671 eum,
1734 2586 1846 2672 qui
1902 2589 2261 2652 orationem

236 2679 561 2743 bonorum
603 2640 991 2760 imitaretur,
1035 2676 1211 2742 facta
1247 2697 1503 2761 quoque
1538 2675 1974 2757 imitaturum3
2021 2674 2262 2738 auctio-

234 2788 388 2831 nem
424 2766 591 2837 velle
626 2765 839 2831 facere
876 2765 1153 2848 desistit,
1197 2764 1476 2829 Romam
1512 2762 1968 2848 proficiscitur3
2015 2759 2261 2826 decedit

237 2876 315 2918 ex
381 2852 601 2918 Gallia
664 2853 943 2919 Romam
1016 2853 1211 2917 simul
1272 2852 1580 2918 Naevius.
1686 2851 1852 2916 Cum
1923 2849 2259 2934 pecuniam

158 2960 211 3001 ω
241 2940 311 3007 O.
360 2940 699 3017 Quinctius
745 2941 815 3006 P.
863 2940 1028 3027 Scap
1030 2941 1177 3006 ulae
1225 2941 1573 3024 debuisset,
1617 2961 1733 3025 per
1778 2942 1864 3023 te,
1908 2937 1977 3002 O.
2018 2935 2262 3020 Aquili,

239 3030 476 3096 decidit
545 3030 618 3094 P.
682 2965 1047 3112 QuinctiuS,
1119 3029 1272 3112 quid
1344 3029 1566 3093 liberis
1640 3027 1777 3092 eius
1863 3025 2262 3089 dissolveret.

236 3119 381 3184 Hoc
428 3140 503 3183 eo
550 3139 667 3203 per
710 3121 776 3182 te
817 3118 1152 3219 agebatur,
1199 3116 1372 3201 quod
1407 3120 1674 3202 propter
1712 3113 2030 3179 aerariam
2067 3111 2263 3176 ratio—

235 3230 387 3273 nem
441 3222 576 3272 non
629 3207 792 3271 satis
861 3209 1002 3270 erat
1063 3206 1133 3270 in
1191 3204 1437 3270 tabulis
1501 3202 1885 3288 inspexisse,
1949 3203 2264 3284 quantum

238 3297 600 3378 deberetur,
645 3293 775 3358 nisi
802 3294 883 3359 ad
912 3292 1207 3359 Castoris
1231 3292 1614 3377 quaesisses,
1647 3292 1961 3374 quantum
1991 3289 2264 3353 solvere-

154 3401 207 3442 εδ
236 3388 363 3450 tur.
419 3382 683 3448 Decidis
718 3382 1084 3466 statuisque
1111 3386 1186 3447 tu
1212 3384 1482 3467 propter
1512 3376 2070 3461 necessitudinem,
2099 3398 2262 3460 quae

234 3473 359 3537 tibi
397 3493 545 3537 cum
584 3467 881 3571 Scapulis
919 3473 1038 3553 est,
1084 3469 1293 3553 quid
1273 3469 1356 3533 1is
1395 3468 1476 3533 ad
1514 3466 1847 3531 denarium
1886 3466 2263 3531 solveretur.

367 3557 550 3625 Haec
606 3558 824 3623 omnia
869 3520 1207 3632 Quinctius
1264 3557 1505 3643 agebat
1560 3559 1821 3621 auctore
1877 3557 1941 3619 et
1999 3574 2262 3620 consua-

2292 938 2361 988 15

2297 1903 2366 1952 16

2301 2868 2368 2918 17

2301 3604 2370 3654 18
