2566 4016
377 180 514 243 424
978 175 1058 230 IN
1096 175 1155 230 C.
1181 174 1493 230 VERREM
1525 174 1683 230 ACT.
1723 175 1790 230 II.

381 338 561 388 sum·
632 336 729 393 DE
800 316 870 385 Ο.
932 318 1198 385 VERRE.
1308 318 1477 396 Quid
1551 322 1784 404 postea
1864 320 2175 405 scriptum
2240 319 2358 384 est?

382 407 537 474 Onu
599 424 965 474 sumnam
1027 424 1222 473 nano
1277 424 1512 485 NEQUE
1566 424 2013 473 SENTENTIAM
2068 425 2358 474 menam.

383 496 552 573 Quid
628 500 729 561 est
802 495 971 560 hoc‘?
1067 493 1244 561 SORS
1320 511 1651 562 DUGITIIR.
1764 493 1974 571 Quam
2049 497 2134 561 ob
2208 496 2357 560 rem?

379 606 572 650 nemo
639 587 781 649 erat
831 583 1241 648 voluntarius
1297 583 1600 648 laudator
1652 587 1997 667 praeturae
2045 587 2221 667 tuae,
2276 584 2358 647 de-

380 673 602 739 fensor
653 671 1116 757 periculorm,
1168 671 1555 755 praesertim
1612 693 1758 736 cum
1803 672 1968 736 inire
2011 694 2052 736 a
2095 675 2391 757 praetores

384 762 667 847 gratiam
721 759 988 844 posset?
1070 758 1300 824 Nemo.
1388 758 1499 822 Illi
1543 758 1672 843 ipsi
1718 758 1816 823 tui
1862 761 2196 843 convivae,
2244 780 2358 824 eon·

384 849 640 931 siliarii,
694 846 962 931 conscii,
1017 846 1176 912 socii
1218 846 1492 912 verbum
1535 846 1749 912 facere
1792 868 1926 912 non
1971 849 2223 913 audent.
2299 845 2359 910 In

384 959 513 1021 qua
549 934 729 1000 curia
764 938 986 1000 statua
1021 938 1139 999 tua
1183 934 1407 999 stabat
1452 938 1520 999 et
1562 934 1738 999 nuda
1781 934 1922 1018 filii,
1968 937 2038 1001 in
2085 957 2162 1001 ea
2201 954 2358 999 nemo

382 1022 535 1106 fuit,
587 1044 670 1087 ne
725 1043 919 1106 quem
970 1022 1179 1087 nudus
1235 1022 1494 1106 quidem
1547 1022 1724 1091 filius
1773 1022 2021 1091 nudata
2064 1021 2359 1109 provincia

278 1122 383 1173 144
419 1114 873 1176 commoveret.
942 1109 1162 1194 Atque
1199 1110 1398 1176 etiam
1432 1110 1558 1175 hoc
1598 1132 1702 1175 me
1743 1110 1993 1194 docent,
2039 1112 2176 1177 eius
2219 1108 2358 1175 modi
2375 1126 2403 1165 ιο

385 1221 526 1266 sese
562 1199 790 1265 fecisse
826 1198 1288 1282 laudationem,
1329 1202 1406 1263 ut
1442 1219 1666 1263 omnes
1705 1198 2089 1285 intellegere
2133 1199 2360 1285 possent

382 1310 515 1354 non
541 1287 1001 1371 laudationem,
1029 1286 1141 1350 sed
1169 1286 1390 1371 potius
1417 1285 1794 1351 inrisionem
1822 1307 1964 1352 esse
1991 1288 2194 1372 illam,
2229 1305 2358 1369 quae

385 1373 967 1441 commonefaceret
1026 1374 1220 1438 istius
1274 1377 1534 1459 turpem
1588 1373 2167 1460 calamitosamque
2214 1392 2358 1459 prae-

382 1467 617 1526 turam.
704 1460 970 1526 Etenim
1033 1460 1347 1545 scriptum
1413 1483 1553 1526 esse
1607 1462 1728 1527 ita:
1796 1480 1989 1540 QUOD
2046 1481 2115 1528 Is
2165 1474 2355 1527 VIRGIS

382 1565 700 1614 NEMINEM
738 1563 1143 1613 OEGIDISSET
1192 1584 1269 1595 --
1324 1570 1364 1612 a
1400 1570 1527 1632 quo
1571 1551 1903 1635 cognostis
1949 1550 2401 1616 nobilissimosu

380 1637 678 1702 homines
735 1639 931 1719 atque
974 1634 1541 1702 innocentissimos
1589 1638 1797 1702 securi
1842 1659 1982 1704 esse
2027 1655 2353 1724 percussos3

384 1742 576 1804 QUOD
651 1741 1087 1790 VIGILANTER
1157 1741 1588 1791 PROVINCIAM
1651 1742 2238 1793 ADMINISTRASSE'I·
2296 1756 2353 1769 -

383 1814 562 1880 cuius
602 1833 824 1878 omnes
859 1812 1122 1897 vigilias
1167 1812 1236 1877 in
1282 1813 1526 1896 stupris
1571 1817 1833 1878 constat
1879 1811 2353 1895 [adulteriisque]

384 1923 525 1967 esse
606 1904 1051 1986 consumptas;
1134 1900 1341 1981 [cuius
1423 1900 1599 1966 modi
1678 1905 1961 1986 constat,
2043 1904 2165 1969 hoc
2234 1917 2354 1965 vero

385 1990 700 2075 scriptum
747 2011 913 2073 esse,
963 1988 1136 2073 quod
1177 1987 1468 2074 proferre
1513 2011 1644 2054 non
1688 1990 1956 2060 auderet
1997 2013 2171 2075 reus,
2213 1998 2398 2055 acen-2⁰

386 2081 566 2144 sator
592 2078 866 2144 recitare
891 2099 1025 2143 non
1052 2077 1398 2158 desineret]
1437 2095 1628 2156 QUOD
1666 2096 2087 2147 PRAEDONES
2121 2089 2355 2144 PRocm,

382 2184 475 2230 AB
529 2183 784 2231 INSIJLA
837 2163 1098 2231 SICILIA
1150 2181 1648 2231 PROHIBIIISSE'I*
1695 2167 2038 2249 [VERRES]
2094 2204 2176 2218 -
2226 2180 2352 2248 quos

276 2311 409 2381 (65)
433 2249 1366 2404 θῇᾶἕαέἒιωοεῗζξᾶῗιέῗιῃᾛ
1398 2254 1691 2407 iillllissmdtdn
1738 2256 2199 2410 1oevciePidiscessi
2238 2356 2350 2404 cum

280 2388 383 2436 145
431 2426 637 2491 fratre
683 2447 718 2489 e
764 2363 967 2509 agria,
1021 2361 1094 2490 gt
1138 2426 1329 2492 nobis
1378 2363 1783 2514 absentibguts,
1829 2393 1887 2495 si
1933 2432 2089 2516 quid
2131 2426 2348 2504 vellent,
2365 2433 2397 2475 ¹⁵

277 2520 366 2586 65
387 2515 816 2579 decernerent.
912 2513 1285 2580 Decernunt
1347 2517 1572 2581 statim
1632 2519 1946 2605 primum,
2003 2523 2081 2585 ut
2130 2538 2259 2584 cum
2299 2509 2351 2574 L.

382 2602 588 2667 fratre
668 2601 1030 2686 hospitium
1109 2603 1368 2686 publice
1447 2605 1658 2689 fieret,
1741 2607 1911 2689 quod
1988 2607 2048 2671 is
2128 2601 2348 2671 eandem

384 2690 793 2756 voluntatem
848 2711 1005 2776 erga
1060 2690 1498 2775 Syracusanos
1553 2694 1968 2779 suscepisset,
2005 2714 2210 2779 ‚quam
2257 2704 2349 2772 egO

388 2800 642 2861 semper
700 2778 1094 2846 habuissem.
1192 2778 1270 2843 Id
1331 2801 1464 2844 non
1526 2780 1719 2846 modo
1782 2785 1923 2847 tum
1983 2775 2347 2868 scripserunt,

379 2888 610 2932 verum
640 2865 838 2931 etiam
874 2867 943 2931 in
980 2888 1126 2932 aere
1162 2866 1437 2932 incisum
1472 2868 1665 2934 nobis
1701 2870 2124 2935 tradiderunt.
2182 2859 2391 2932 valdew

386 2956 647 3020 hercule
693 2958 760 3019 te
807 2953 1196 3039 Syracusani
1239 2954 1365 3038 tui,
1413 2977 1574 3039 quos
1622 2957 1845 3023 crebro
1893 2965 2346 3023 commemorare

388 3043 587 3127 soles,
641 3042 952 3128 diligunt,
1008 3043 1120 3127 qui
1175 3065 1321 3108 cum
1368 3047 1741 3110 accusatore
1787 3049 1901 3110 tuo
1949 3048 2108 3111 satis
2152 3043 2346 3107 iustam

386 3152 651 3198 causam
705 3130 1188 3216 coniungendae
1240 3132 1732 3206 necessitudinis
1786 3138 2050 3218 putant,
2105 3128 2258 3217 quod
2300 3126 2347 3184 ῡθ
2424 3169 2425 3178 1

388 3221 803 3285 accusaturus
880 3218 967 3282 sit
1039 3221 1105 3282 et
1176 3219 1348 3302 quod
1420 3219 1802 3303 inquisitum
1873 3222 1943 3287 in
2005 3226 2070 3287 te
2128 3211 2346 3286 venant⁴

385 3305 626 3372 Postea
690 3306 1080 3389 decernitur,
1144 3328 1219 3372 ac
1276 3328 1411 3372 non
1461 3308 1668 3392 varie,
1732 3308 1843 3373 sed
1896 3327 2099 3395 prope
2148 3295 2390 3372 (ιωιῡῒὶθ85

390 3392 755 3478 sententiis,
817 3400 895 3459 ut
946 3393 1266 3479 laudatio,
1324 3416 1488 3479 quae
1543 3393 1610 3461 O.
1658 3395 1848 3461 Verri
1904 3397 2155 3464 decreta
2201 3385 2344 3483 esset,

285 3486 387 3537 146
424 3479 785 3544 tolleretur.
888 3479 970 3545 In
1040 3502 1115 3546 eo
1190 3504 1335 3547 cum
1408 3483 1540 3548 iam
1610 3506 1744 3550 non
1815 3485 2029 3551 solum
2094 3483 2344 3548 discessw
