2566 4016
366 235 496 300 308
957 231 1036 286 IN
1073 231 1131 289 Ο.
1168 230 1478 285 VERREM
1514 230 1673 286 ACT.
1709 231 1780 285 II.

364 380 807 463 contemptam
862 379 929 440 et
983 376 1322 441 abiectam.
1422 374 1607 449 Quod
1666 373 2059 456 mehercule,
2120 371 2384 458 iudices,

366 467 530 531 mihi
572 487 703 530 non
746 463 1157 530 mediocriter
1199 463 1535 528 ferendum
1582 461 1854 526 videtur.
1944 461 2165 526 Habet
2211 461 2384 526 enim

368 554 687 639 quendam
725 554 1020 618 aculeum
1064 551 1476 636 contumelia,
1523 571 1715 635 quem
1758 550 1900 634 pati
1945 549 2262 634 pudentes
2309 572 2384 616 ac

262 655 331 707 96
367 642 493 707 viri
526 641 685 708 boni
720 641 1101 705 difficillime
1136 644 1429 723 possunt.
1503 636 1817 723 Spoliasti
1854 635 2135 720 Siculos3
2170 638 2384 703 solent

370 731 542 795 enim
592 730 757 793 muti
803 750 942 793 esse
987 729 1057 792 in
1101 728 1355 792 iniuriis
1402 727 1561 810 suis3
1615 725 1867 791 vexasti
1910 726 2384 812 negotiatores3
2412 745 2439 785 5

365 817 558 883 inviti
621 817 792 881 enim
854 816 1133 880 Romam
1195 836 1474 899 raroque
1537 815 1879 899 decedunt3
1946 814 2196 898 equites
2258 814 2387 880 Ro-

368 925 596 970 manos
635 903 717 968 ad
754 903 1007 989 Aproni
1052 903 1323 968 iniurias
1371 903 1633 986 dedisti3
1680 903 1835 985 quid
1880 902 2050 967 enim
2096 902 2229 967 iam
2273 925 2387 968 no-

366 1013 510 1058 cere
555 996 858 1076 possunt,
914 992 1146 1076 quibus
1193 1013 1326 1055 non
1371 991 1525 1056 licet
1569 990 1897 1056 iudicare?
1980 989 2190 1067 Quid?
2238 1013 2390 1056 cum

371 1084 702 1145 senatores
745 1080 1012 1144 summis
1057 1079 1312 1144 iniuriis
1359 1079 1583 1162 afficis,
1631 1078 1784 1163 quid
1830 1078 2008 1143 aliud
2053 1078 2211 1143 dicis
2254 1080 2391 1144 nisi

350 1168 517 1234 hoc:
573 1167 770 1234 ‘Cedo
821 1168 981 1233 mihi
1027 1167 1226 1232 etiam
1269 1168 1471 1233 istum
1517 1170 1913 1251 senatorem,
1965 1170 2040 1232 ut
2083 1166 2209 1232 hoc
2253 1190 2390 1233 am·
2421 1187 2469 1226 ιο

366 1257 736 1341 plissimum
788 1277 1026 1321 nomen
1080 1257 1478 1321 senatorium
1532 1275 1665 1319 non
1708 1256 1901 1320 modo
1948 1254 2030 1320 ad
2073 1254 2390 1321 invidiam

367 1345 843 1430 imperitorum,
898 1345 1009 1408 sed
1064 1345 1263 1409 etiam
1310 1344 1393 1408 ad
1438 1343 1893 1408 contumeliam
1938 1343 2389 1427 improborum

262 1447 330 1497 97
365 1437 595 1497 natum
650 1454 790 1496 esse
847 1431 1220 1495 videatur'?
1310 1430 1536 1515 Neque
1588 1431 1714 1496 hoc
1765 1431 1836 1495 in
1878 1452 2007 1496 uno
2051 1430 2210 1496 fecit
2252 1433 2391 1497 An-

365 1541 558 1603 nae0,
613 1518 725 1582 sed
778 1519 849 1582 in
897 1519 1196 1583 omnibus
1244 1519 1654 1584 senatoribus
1662 1570 1681 1603 ,
1738 1520 1813 1583 ut
1858 1519 2100 1583 ordinis
2143 1541 2392 1585 nomen

366 1627 501 1671 non
561 1609 820 1670 tantum
885 1607 967 1670 ad
1029 1606 1373 1691 honorem,
1438 1611 1752 1690 quantum
1817 1607 1898 1672 ad
1955 1607 2391 1693 ignominiam
2417 1626 2467 1668 15

367 1695 633 1760 valeret.
722 1693 802 1758 In
847 1692 916 1760 C.
958 1692 1212 1778 Cassio,
1267 1695 1630 1759 clarissimo
1687 1699 1754 1759 et
1806 1695 2168 1761 fortissimo
2224 1697 2391 1781 viro,

369 1805 513 1849 cum
567 1783 625 1847 is
689 1805 766 1848 eo
829 1783 972 1866 ipso
1035 1786 1331 1868 tempore
1393 1783 1604 1868 primo
1666 1783 1860 1849 istius
1924 1805 2093 1848 anno
2158 1786 2390 1850 consul

369 1876 568 1955 esset,
611 1874 800 1936 tanta
842 1871 1265 1956 improbitate
1310 1892 1465 1936 usus
1513 1875 1639 1955 est,
1683 1875 1784 1956 ut,
1830 1893 1974 1936 cum
2021 1873 2159 1936 eius
2204 1895 2391 1959 uxor,

366 1960 611 2026 femina
656 1960 994 2045 primaria,
1039 1964 1347 2045 paternas
1394 1959 1720 2025 arationes
1765 1959 2037 2025 haberet
2079 1961 2149 2027 in
2183 1960 2390 2028 Leon-

368 2049 538 2133 tino,
607 2048 1008 2113 frumentum
1081 2070 1270 2114 omne
1335 2048 1720 2114 decumanos
1786 2048 2039 2113 auferre
2102 2049 2392 2116 iusserit.
2416 2070 2465 2110 so

369 2135 560 2202 Hunc
585 2140 661 2200 tu
686 2137 756 2200 in
781 2137 905 2201 hac
933 2158 1129 2201 causa
1154 2139 1409 2219 testem,
1435 2135 1693 2220 VerreS,
1728 2136 2021 2220 habebis,
2058 2139 2394 2225 quoniam,

264 2237 333 2288 98
370 2224 645 2289 iudicem
698 2245 780 2288 ne
833 2224 1134 2308 haberes,
1187 2224 1552 2306 providisti.
1638 2223 1778 2289 Vos
1826 2228 2069 2309 autem,
2122 2226 2393 2313 iudices,

367 2316 601 2396 putare
639 2310 885 2374 debetis
923 2331 1062 2374 esse
1101 2310 1407 2394 quiddam
1441 2312 1633 2377 nobis
1667 2313 1840 2377 inter
1878 2334 1996 2378 nos
2043 2335 2391 2381 commune

371 2401 567 2481 atque
622 2398 1053 2462 coniunctum.
1143 2398 1357 2464 Multa
1411 2405 1564 2464 sunt
1615 2400 1925 2485 imposita
1972 2401 2125 2467 huic
2171 2404 2392 2469 ordini

369 2505 662 2569 munera,
734 2484 928 2549 multi
992 2486 1280 2568 laboreS,
1353 2488 1563 2553 multa
1623 2488 1913 2572 pericula
1972 2511 2106 2554 non
2171 2492 2390 2558 solum
2416 2510 2461 2550 2⁵

368 2572 588 2659 legum
619 2595 694 2639 ae
718 2572 1122 2659 iudiciorum,
1157 2574 1270 2639 sed
1299 2575 1497 2641 etiam
1524 2598 1857 2641 rumorum
1886 2600 1959 2642 ac
1994 2582 2393 2663 temporum.

370 2659 475 2726 Sic
540 2664 640 2726 est
701 2660 810 2726 hic
874 2662 1032 2727 ordo
1098 2663 1285 2747 quasi
1347 2664 1723 2749 propositus
1788 2669 1982 2749 atque
2046 2666 2264 2732 editus
2321 2670 2393 2733 in

369 2750 595 2833 altum,
635 2753 709 2815 ut
746 2750 829 2815 ab
870 2751 1169 2816 omnibus
1205 2752 1416 2816 ventis
1451 2752 1731 2817 invidiae
1769 2753 2155 2819 circumflari
2189 2778 2392 2841 posse

366 2838 680 2903 videatur.
760 2837 840 2902 In
874 2839 999 2904 hac
1034 2843 1172 2904 tam
1216 2840 1457 2904 misera
1501 2843 1696 2924 atque
1740 2841 1964 2925 iniqua
2008 2842 2392 2910 condicione
2529 2885 2530 2916 ι

366 2927 542 2991 vitae
595 2948 676 2991 ne
729 2928 854 2992 hoc
909 2927 1167 3011 quidem
1220 2928 1670 3013 retinebimus,
1727 2929 1996 3015 iudices,
2048 2935 2124 2996 ut
2177 2934 2394 3019 magi·
2417 2950 2463 2991 eo

369 3014 686 3080 stratibus
748 3015 994 3079 nostris
1055 3015 1125 3080 in
1186 3015 1538 3081 obtinendo
1602 3018 1742 3082 iure
1802 3022 2031 3084 nostro
2092 3041 2179 3085 ne
2237 3043 2394 3086 con·
2529 3043 2530 3054 ¹

367 3102 789 3186 temptissimi
835 3124 912 3168 ac
958 3103 1456 3187 despicatissimi
1501 3126 1641 3169 esse
1685 3105 2063 3172 videamur?

501 3189 906 3254 Thermitani
969 3190 1309 3275 miserunt,
1375 3192 1487 3277 qui
1541 3193 1840 3259 decumas
1896 3200 2185 3261 emerent
2241 3198 2396 3284 agri

370 3277 486 3340 sui.
592 3276 817 3364 Magni
889 3300 1008 3344 sua
1076 3279 1400 3363 putabant
1469 3281 1782 3347 interesse
1843 3283 2101 3367 publice
2160 3286 2393 3370 potius

369 3365 664 3460 quamvis
722 3387 963 3451 magno
1018 3367 1170 3450 emi,
1236 3390 1430 3452 quam
1484 3369 1554 3433 in
1607 3369 1889 3454 aliquem
1943 3371 2132 3436 istius
2191 3374 2394 3439 emis-
2418 3388 2465 3430 ⁸⁵

371 3465 611 3543 sarium
664 3452 1036 3519 inciderent.
1116 3454 1479 3541 Appositus
1527 3461 1667 3523 erat
1702 3457 2052 3524 Venuleius
2100 3461 2396 3546 quidam,

372 3549 483 3609 qui
545 3541 801 3601 emeret.
890 3540 957 3604 Is
1010 3542 1193 3608 liceri
1236 3565 1370 3609 non
1415 3545 1692 3630 destitit3
1756 3546 1884 3634 illi,
1940 3548 2153 3632 quoad
2207 3548 2395 3615 vide-

261 3160 350 3283 ἐξ
