2566 4016
914 961 1012 1035 M.
1060 959 1345 1033 TULLI
1400 956 1896 1034 CICERONIS

443 1122 920 1213 ACTIONIS
981 1123 1096 1209 IN
1162 1123 1249 1210 O.
1306 1123 1746 1210 VERREM
1810 1119 2345 1208 SECUNDAE

952 1266 957 1271 ’
1047 1290 1313 1357 LIBER
1358 1288 1760 1374 QUINTUS,
1977 1362 1987 1369 ,

804 1428 929 1494 QUI
964 1428 1428 1484 INSCRIBITUR
1462 1427 1560 1483 DE
1599 1426 2006 1483 SUPPLICIIS.

1001 1691 1810 1760 ARGUMENTUM.

539 1815 746 1882 Quinto
789 1817 900 1870 hoc
946 1815 1318 1871 accusationis
1353 1814 1499 1869 libro
1535 1815 1610 1869 M.
1643 1813 1860 1882 cicere,
1908 1813 2063 1882 quod
2101 1831 2259 1869 reum
2290 1811 2374 1882 opi·

396 1887 563 1943 nione
605 1887 689 1942 rei
732 1886 993 1942 militaris
1041 1890 1261 1942 strenue
1309 1884 1735 1940 administratae
1776 1884 2001 1939 defendi
2037 1887 2103 1940 et
2140 1900 2374 1941 commen·

399 1959 522 2013 dari
570 1958 850 2014 iudicibus
902 1957 1157 2026 videbat,
1213 1972 1357 2027 quae
1411 1956 1485 2011 ad
1535 1971 1659 2011 eam
1708 1971 1828 2010 rem
1874 1957 2164 2026 spectant,
2220 1972 2281 2011 ea
2319 1954 2375 2006 ita

395 2030 766 2100 persequitun
801 2032 867 2085 ut
892 2046 1006 2084 non
1041 2030 1208 2085 modo
1243 2028 1628 2083 laudationem
1664 2039 1887 2082 omnem
1921 2026 2129 2108 tollere
2168 2027 2375 2089 conetur,

396 2118 593 2156 verum
619 2118 687 2156 ex
712 2101 863 2155 hoc'
847 2117 970 2170 ipso
996 2099 1123 2155 loco
1161 2098 1496 2170 gravissima
1528 2097 1590 2151 in
1607 2097 1837 2155 Verrem
1875 2096 2115 2154 crimina
2151 2097 2375 2167 colligere

400 2172 637 2227 studeat.
702 2170 847 2226 Dein
881 2173 1064 2225 totam
1100 2187 1329 2225 causam
1364 2170 1604 2239 perorat.

323 2340 361 2464 ¹1·
531 2365 795 2432 Nemini
854 2364 1041 2431 video
1106 2365 1374 2430 dubium
1437 2386 1605 2449 esse,
1675 2364 1916 2430 ludices
1925 2414 1946 2448 ,
2012 2366 2175 2449 quin
2237 2382 2375 2447 aper·

397 2454 651 2518 tissime
706 2451 777 2517 O.
813 2451 1053 2518 Verres
1106 2453 1176 2518 in
1223 2451 1445 2520 Sicilia
1500 2474 1684 2518 sacra
1736 2453 2145 2537 profanaque
2198 2449 2376 2519 omnia

400 2545 468 2606 et
520 2540 830 2626 privatim
884 2543 951 2605 et
1004 2541 1262 2626 publice
1318 2541 1620 2626 spoliarit
1666 2545 2093 2625 versatusque
2143 2542 2231 2607 sit
2270 2539 2376 2604 sino

399 2631 537 2696 ulla
576 2650 710 2694 non
753 2628 945 2694 modo
991 2629 1334 2715 religione,
1379 2650 1605 2695 verum
1650 2630 1848 2695 etiam
1894 2628 2375 2695 dissimulatione

398 2719 470 2783 in
498 2717 675 2783 omni
703 2737 937 2803 genere
972 2717 1229 2782 furandi
1266 2721 1460 2801 atque
1497 2717 1868 2801 praedandi.
1931 2715 2055 2783 Sed
2096 2716 2404 2803 quaedam

400 2807 563 2871 mihi
616 2806 964 2891 magnifica
1014 2810 1079 2870 et
1124 2807 1459 2890 praeclara
1504 2805 1640 2869 eius
1687 2805 1973 2872 defensio
2021 2805 2376 2880 ostenditur3

401 2896 504 2960 cui
560 2915 752 2979 quem
806 2894 890 2959 ad
939 2893 1202 2959 modum
1247 2893 1579 2993 resistam3
1631 2893 1840 2958 multo
1887 2893 2049 2958 mihi
2097 2898 2248 2959 ante
2288 2891 2376 2968 est,

399 2982 668 3066 1udrceS‚
731 2981 1240 3067 providendum.
1311 2980 1417 3045 Ita
1480 2980 1652 3045 enim
1716 3003 1913 3046 causa
1974 2980 2377 3082 constituitur,

398 3070 800 3154 provinciam
839 3068 1126 3135 Siciliam
1162 3069 1409 3134 virtute
1453 3068 1645 3133 istius
1693 3073 1760 3133 et
1803 3069 2152 3155 vigilantia
2200 3069 2376 3163 singu-

401 3158 527 3224 lari
599 3158 811 3223 dubiis
882 3156 1452 3240 formidolosisque
1524 3157 1929 3241 temporibus
2004 3179 2044 3221 a
2111 3150 2441 3251 fug1t1v1s1e

331 3258 363 3307 2
403 3249 598 3330 atque
654 3268 694 3311 a
754 3246 915 3310 belli
976 3245 1280 3329 periculis
1343 3247 1556 3308 tutam
1617 3266 1756 3309 esse
1812 3249 2155 3310 servatam.
2244 3235 2376 3319 Quid

402 3354 623 3418 agam,
677 3333 963 3398 iudices?
1028 3353 1155 3417 quo
1203 3332 1634 3398 accusationis
1680 3354 1860 3397 meae
1906 3332 2226 3397 rationem
2266 3347 2376 3395 con·

398 3419 627 3502 feram,
673 3441 801 3503 quo
839 3442 941 3485 me
979 3421 1275 3486 vertam?
1324 3419 1404 3484 ad
1443 3420 1654 3484 omnis
1694 3420 1866 3484 enim
1910 3442 2090 3485 meos
2134 3419 2377 3504 impetus

390 3506 848 3584 ‚quasi‘murus'
870 3508 1130 3590 quidam
1159 3507 1316 3572 boni
1342 3528 1581 3572 nomen
1606 3508 2020 3593 imperatoris
2050 3506 2378 3595 opponitur·
