2566 4016
326 192 456 256 278
932 191 1011 244 IN
1051 190 1107 245 C.
1136 189 1444 245 VERREM
1479 189 1633 243 ACT.
1671 189 1739 243 ΙΙ.

304 340 469 402 stus
502 338 933 418 converteret3
971 334 1083 417 qui
1118 334 1406 419 primum
1440 336 1651 398 certos
1687 331 2047 396 instituerit
2082 331 2346 396 nomine

328 424 736 506 decumanos,
771 445 841 487 re
877 444 1033 487 vera
1069 422 1406 486 ministros
1445 443 1519 487 ac
1557 420 1876 485 satellites
1915 419 2345 504 cupiditatum

330 533 619 595 suarum3
664 531 782 595 per
819 532 982 595 quos
1026 510 1366 575 ostendam
1405 509 1497 573 sic
1541 507 1942 593 provinciam
1988 529 2105 591 per
2150 507 2346 571 trien-

326 600 506 665 nium
544 603 845 664 vexatam
885 602 1081 681 atque
1119 602 1464 681 vastatam,
1508 596 1769 680 iudices,
1814 600 1889 661 ut
1925 617 2068 659 eam
2117 595 2344 660 multis

329 687 514 753 annis
570 688 929 751 multorum
982 682 1353 751 innocentia
1410 684 1857 769 sapientiaque
1903 704 2194 748 recreare
2239 704 2345 748 ne-
2372 703 2398 744 5

223 751 290 877 ἕ
330 797 656 860 queamus.
739 773 986 840 Eorum
1033 773 1340 857 omnium,
1388 773 1498 856 qui
1545 771 1882 837 decumani
1926 772 2344 854 vocabantur,

327 864 629 949 princeps
668 866 808 926 erat
846 859 919 936 Q.
955 862 1069 926 ille
1097 861 1447 947 Apronius,
1494 882 1685 944 quem
1731 859 1992 942 videtis;
2039 859 2117 923 de
2163 858 2342 924 cuius

328 949 726 1035 inprobitate
774 950 1092 1035 singulari
1137 949 1694 1035 gravissumarum
1739 948 2144 1034 legationum
2191 967 2344 1030 que-

327 1038 640 1103 rimonias
678 1038 1037 1103 audivistis.
1109 1037 1423 1122 Aspicite,
1458 1036 1720 1120 iudices,
1765 1036 2023 1101 vultum
2056 1034 2344 1100 hominis

328 1130 394 1191 et
450 1130 784 1211 aspectum
838 1129 904 1190 et
959 1146 1036 1190 ex
1088 1147 1165 1190 ea
1210 1125 1642 1207 contumacia,
1700 1145 1896 1207 quam
1938 1123 2046 1188 hic
2090 1123 2161 1187 in
2203 1145 2346 1208 per·
2378 1145 2430 1186 ιο

329 1214 482 1279 ditis
529 1216 723 1280 rebus
770 1214 1035 1297 retinet,
1080 1213 1232 1278 illos
1281 1213 1418 1278 eius
1465 1212 1735 1298 spiritus
1777 1209 2131 1277 Siciliensis
2180 1232 2343 1295 quos

325 1302 529 1368 fuisse
595 1303 866 1388 putetis,
942 1302 1253 1387 [cogitate
1319 1303 1418 1382 ac]
1493 1300 1937 1366 recordamini.
2045 1298 2169 1363 Hic
2244 1303 2345 1364 est

328 1390 677 1473 Apronius,
715 1412 907 1473 quem
942 1389 1013 1453 in
1046 1389 1381 1473 provincia
1416 1393 1560 1454 tota
1581 1388 1841 1472 VerreS,
1877 1409 2023 1452 cum
2060 1386 2344 1470 undique

326 1477 778 1560 nequissumos
814 1476 1110 1541 homines
1150 1476 1597 1559 conquisisset,
1645 1481 1711 1541 et
1748 1499 1892 1542 cum
1937 1476 2079 1561 ipse
2125 1497 2345 1540 secum

329 1565 430 1628 sui
476 1564 721 1628 similes
769 1564 1058 1628 duxisset
1100 1586 1235 1628 non
1278 1587 1510 1648 parum
1558 1565 1826 1647 multos,
1880 1563 2200 1647 nequitia,
2249 1563 2346 1627 lu-·
2377 1584 2430 1625 ιε

327 1652 539 1736 xuria,
595 1651 863 1718 audacia
919 1652 1019 1716 sui
1070 1652 1477 1716 simillimum
1522 1652 1859 1737 iudicavit3
1911 1652 2131 1736 itaque
2177 1650 2346 1716 istos

318 1740 497 1807 inter
561 1762 630 1805 se
684 1740 985 1826 perbrevi
1037 1744 1333 1825 tempore
1386 1762 1519 1805 non
1572 1762 1676 1805 res
1685 1791 1703 1824 ,
1765 1761 1898 1805 non
1951 1740 2149 1823 ratio,
2209 1761 2348 1804 non

328 1829 801 1894 commendatio
858 1829 1106 1913 aliqua,
1163 1828 1276 1893 sed
1327 1828 1688 1894 studiorum
1734 1828 2069 1912 turpitudo
2117 1827 2347 1893 simili·

222 1933 289 1982 23
327 1918 612 2002 tudoque
651 1917 998 1983 coniunxit.
1070 1915 1298 1982 Verris
1335 1937 1548 1987 mores
1588 1917 1900 2001 inprobos
1947 1917 2347 2001 inpurosque

326 2006 561 2090 nostis3
607 2006 838 2092 fingite
874 2005 1062 2072 vobis
1100 2005 1403 2091 aliquem,
1450 2005 1507 2070 si
1541 2005 1836 2089 potestis,
1883 2005 1993 2089 qui
2029 2005 2099 2070 in
2135 2004 2344 2070 omni·
2375 2026 2430 2067 πο

327 2094 448 2158 bus
511 2095 626 2159 isti
688 2096 881 2159 rebus
944 2117 1066 2179 par
1124 2093 1207 2159 ad
1261 2094 1549 2159 omnium
1603 2093 2003 2179 flagitiorum
2056 2092 2347 2158 nefarias

327 2182 627 2247 libidines
693 2203 833 2246 esse
891 2182 1129 2265 possit3
1191 2181 1251 2245 is
1306 2182 1431 2246 erit
1478 2181 1806 2267 Apronius
1861 2182 2003 2266 ille,
2066 2182 2202 2265 qui,
2267 2185 2350 2247 ut

324 2269 465 2353 ipse
528 2290 660 2333 non
723 2269 934 2334 solum
998 2269 1163 2352 vita,
1228 2268 1342 2332 sed
1395 2290 1665 2354 corpore
1721 2274 1915 2353 atque
1971 2291 2081 2335 ore
2138 2269 2347 2354 signi-

324 2357 504 2437 ficat,
558 2356 875 2419 immensa
920 2356 1139 2439 aliqua
1181 2377 1429 2442 vorago
1476 2362 1579 2423 est
1627 2361 1693 2421 et
1745 2378 1984 2443 gurges
2029 2357 2347 2423 vitiorum

324 2442 927 2526 turpitudinumque
983 2444 1289 2508 omnium.
1377 2444 1568 2510 Hunc
1612 2445 1683 2510 in
1728 2446 2026 2510 omnibus
2074 2445 2346 2530 stupris,
2376 2465 2429 2507 ιο

324 2530 495 2594 hunc
539 2530 609 2594 in
652 2530 952 2596 fanorum
999 2532 1522 2617 expilationibus,
1565 2532 1742 2598 hunc
1784 2534 1854 2598 in
1897 2533 2147 2618 inpuris
2193 2555 2349 2599 con-

324 2618 512 2684 viviis
567 2619 924 2704 principem
977 2619 1356 2704 adhibebat3
1411 2624 1792 2706 tantamque
1837 2622 2039 2687 habet
2083 2642 2350 2687 morum

325 2707 684 2771 similitudo
731 2708 1249 2774 coniunctionem
1296 2712 1492 2793 atque
1538 2710 1965 2794 concordiam,
2009 2713 2084 2774 ut
2130 2710 2350 2795 Apro-

321 2794 496 2880 nius,
552 2796 663 2879 qui
708 2796 854 2861 aliis
900 2796 1293 2861 inhumanus
1341 2819 1415 2862 ac
1461 2797 1810 2882 barbarus,
1852 2798 1969 2863 isti
2011 2797 2124 2863 uni
2169 2819 2349 2864 com·

323 2885 552 2948 modus
590 2906 665 2949 ac
703 2884 981 2950 disertus
1021 2885 1362 2969 videretur,
1407 2888 1502 2969 nt,
1549 2907 1741 2970 quem
1776 2907 2000 2952 omnes
2048 2886 2349 2952 odissent
2378 2906 2430 2947 eo
2527 2925 2528 2952 3

320 2993 529 3056 neque
564 2972 782 3038 videre
820 2974 1085 3057 vellent,
1131 2973 1268 3038 sine
1307 2995 1383 3038 eo
1420 2974 1545 3038 iste
1592 2995 1733 3040 esse
1777 2996 1909 3039 non
1957 2978 2199 3059 posset,
2247 2979 2351 3060 ut,

322 3081 467 3125 cum
515 3060 630 3125 alii
673 3083 755 3126 ne
802 3062 1112 3126 conviviis
1162 3061 1441 3146 quidem‘
1465 3061 1672 3126 isdem
1718 3063 1954 3147 quibus
1988 3062 2350 3149 Apronius,

321 3147 427 3213 hic
480 3148 686 3213 isdem
742 3150 940 3213 etiam
995 3149 1245 3234 poculis
1303 3152 1618 3234 uteretur,
1673 3155 2004 3235 postremo
2054 3154 2132 3216 ut
2177 3151 2352 3217 odor

321 3233 572 3319 Aproni
619 3237 1032 3302 taeterrimus
1079 3238 1213 3302 oris
1261 3241 1329 3302 et
1374 3238 1691 3322 corporis,
1748 3260 1965 3324 quem,
2015 3241 2089 3304 ut
2137 3239 2352 3325 aiunt,

319 3343 401 3419 ne
456 3324 705 3389 bestiae
761 3325 1019 3408 quidem
1073 3325 1240 3389 ferre
1297 3330 1566 3411 possent
1574 3353 1598 3410 ,·
1655 3327 1769 3391 uni
1821 3327 1934 3391 isti
1991 3327 2213 3392 suavis
2278 3332 2353 3393 et
2379 3345 2431 3387 ³5

320 3410 632 3503 iucundus
686 3412 1030 3478 videretur.
1120 3413 1241 3478 Ille
1299 3419 1440 3479 erat
1493 3414 1565 3478 in
1618 3415 1934 3480 tribunali
1983 3415 2355 3501 proximus,

320 3512 391 3553 m
419 3494 711 3561 cubiculo
741 3501 939 3585 solus,
974 3501 1045 3565 in
1071 3502 1368 3568 convivio
1398 3502 1716 3589 dominus,
1755 3525 1829 3569 ac
1859 3508 2001 3569 tum
2039 3505 2357 3589 maxime,
