2566 4016
668 245 803 300 ΜΒ.
842 245 894 298 11
949 245 1105 301 CAP.
1145 251 1233 315 46,
1270 252 1338 302 47
1377 252 1407 311 ς
1447 252 1741 302 112—118.
2085 248 2212 311 241

327 390 472 456 Hoc
509 389 588 454 de
624 390 887 454 homine
925 411 1000 456 ac
1037 390 1115 455 de
1151 389 1346 457 huius
1380 389 1570 454 bonis
1616 390 1818 456 etiam
1861 390 1932 456 in
1965 390 2177 475 Eryco
2218 363 2317 488 fi}

204 484 416 546 monte
481 481 973 543 monumentum
1026 482 1291 544 tuorum
1348 477 1698 559 [furtorum
1705 481 1749 562 ,]
1812 479 2213 564 flagitiorum

204 562 730 651 crudelitatisque
802 567 1107 651 posuisti,
1177 567 1248 632 ιιι
1317 589 1444 650 quo
1513 563 1743 631 Stheni
1807 567 2214 633 Thermitani

202 677 433 723 nomen
470 655 828 739 ascriptum
864 659 982 720 est.
1048 654 1203 719 Vidi
1239 658 1622 741 argenteum
1649 653 2032 740 Cupidinem
2069 678 2213 721 cum

153 760 178 802 ⁵
203 743 516 830 lampade.
598 741 767 818 Quid
801 744 1066 808 tandem
1102 743 1334 809 habuit
1370 744 1740 830 argumenti
1780 747 1895 808 aut
1939 744 2212 809 rationis

203 855 320 916 res,
365 854 559 916 quam
599 833 701 896 ob
722 853 861 897 rem
898 831 969 897 ιιι
1003 853 1079 897 eo
1116 832 1533 933 potissimum
1570 829 1996 897 Sthenianum
2032 855 2214 918 prae-

205 923 402 987 mium
445 921 841 1005 poneretur?
896 924 1115 985 utrum
1160 920 1286 986 hoc
1332 921 1593 1006 signum
1639 920 2013 1004 cupiditatis
2058 926 2213 986 tuae

205 1033 284 1076 an
336 1014 678 1093 tropaeum
734 1008 1228 1073 necessitudinis
1285 1011 1481 1092 atque
1524 1008 1798 1092 hospitii
1842 1031 1928 1073 an
1973 1010 2213 1093 amoris

202 1098 504 1163 indicium
564 1118 707 1162 esse
759 1096 1071 1161 voluisti?
1168 1096 1443 1163 Faciunt
1496 1098 1620 1162 hoc
1673 1096 1995 1180 homines,
2050 1120 2212 1182 quos

128 1199 180 1241 1⁰
203 1187 268 1251 in
340 1207 593 1250 summa
663 1184 955 1268 nequitia
1025 1206 1157 1250 non
1221 1186 1434 1250 solum
1496 1185 1699 1250 libido
1764 1189 1831 1250 et
1892 1187 2214 1269 voluptas,

203 1296 426 1339 verum
464 1273 662 1337 etiam
698 1274 903 1357 ipsius
940 1272 1267 1356 nequitiae
1303 1273 1482 1337 fama
1523 1273 1823 1358 delectat,
1867 1277 1943 1338 ut
1986 1274 2213 1339 m'ultis

203 1363 268 1427 in
306 1361 467 1427 locis
502 1365 692 1426 notas
732 1383 808 1426 ac
853 1361 1136 1447 vestigia
1180 1382 1446 1426 suorum
1491 1361 1890 1448 flagitiorum
1933 1362 2214 1446 relinqui

203 1449 422 1516 velint.
494 1448 788 1514 Ardebat
826 1471 1044 1515 amore
1081 1449 1259 1515 illius
1306 1449 1622 1534 hospitae,
1667 1453 1936 1534 propter
1981 1472 2176 1535 quam
2216 1461 2316 1511 116

202 1538 472 1622 hospitii
506 1537 652 1603 iura
687 1538 994 1621 violarat3
1030 1538 1154 1602 hoc
1188 1560 1323 1603 non
1360 1538 1572 1603 solum
1610 1537 1760 1605 sciri
1795 1543 1954 1624 tum,
1988 1561 2214 1605 verum

123 1640 177 1682 1⁵
202 1628 397 1694 etiam
462 1626 955 1692 commemorari
1017 1648 1269 1710 semper
1332 1627 1624 1710 volebat3
1685 1626 1907 1711 itaque
1962 1649 2040 1693 ex
2095 1628 2215 1693 illa

201 1717 343 1800 ipsa
396 1737 495 1798 re,
549 1736 747 1798 quam
802 1718 1146 1781 accusante
1200 1714 1540 1801 Agathino
1596 1719 1917 1800 gesserat,
1971 1715 2214 1780 Veneri

201 1804 614 1888 potissimum
642 1803 863 1866 deberi
894 1802 1254 1886 praemium
1293 1803 1545 1885 statuit,
1584 1825 1747 1886 quae
1780 1803 1967 1868 illam
2002 1807 2211 1869 totam

203 1891 679 1957 accusationem
723 1891 1154 1974 iudiciumque
1201 1891 1531 1955 conflarat.
1601 1889 1910 1955 Putarem
1954 1894 2022 1955 te
2069 1912 2212 1976 gra-

200 1984 343 2045 tum
407 1979 477 2044 in
538 1978 719 2063 deos,
781 1979 841 2045 si
903 1979 1027 2045 hoc
1082 1979 1322 2044 donum
1368 1977 1611 2044 Veneri
1662 1999 1796 2044 non
1849 1978 1927 2043 de
1984 1977 2212 2045 Stheni

114 2082 175 2125 πο
197 2069 388 2135 bonis
460 2067 773 2152 dedisses,
845 2068 959 2133 sed
1030 2068 1109 2133 de
1172 2067 1333 2150 tuis3
1403 2066 1574 2150 quod
1635 2066 1848 2132 facere
1913 2067 2212 2152 debuisti,

197 2158 586 2243 praesertim
644 2179 791 2223 cum
844 2154 968 2221 tibi
1019 2156 1140 2222 illo
1192 2156 1338 2240 ipso
1395 2176 1565 2220 anno
1619 2177 1661 2220 a
1703 2153 2062 2221 Chelidone
2103 2178 2212 2222 ve-

196 2246 405 2310 nisset
448 2244 792 2309 hereditas.

332 2332 459 2397 Hic
495 2353 637 2419 ego,
682 2334 739 2397 si
774 2333 944 2398 hanc
988 2354 1252 2398 causam
1296 2354 1429 2398 non
1475 2333 1763 2399 omnium
1809 2330 2173 2400 Siculorum
2211 2342 2315 2394 11⁷

196 2425 437 2524 rogatu
472 2422 875 2507 recepissem,
922 2421 981 2486 si
1014 2421 1139 2487 hoe
1175 2444 1216 2487 a
1251 2443 1355 2486 me
1401 2422 1684 2486 muneris
1731 2444 1865 2487 non
1908 2423 2214 2527 universa

107 2523 166 2567 ²⁶
194 2511 532 2595 provincia
584 2511 1018 2596 poposcisset,
1075 2509 1132 2574 si
1183 2530 1289 2574 me
1343 2510 1597 2575 animus
1654 2514 1849 2595 atque
1905 2533 2088 2578 amor
2141 2514 2211 2577 in

193 2621 336 2663 rem
372 2599 703 2683 publicam
741 2597 1268 2682 existimatioque
1305 2599 1551 2663 offensa
1588 2599 1799 2663 nostri
1845 2599 2087 2664 ordinis
2136 2622 2211 2666 ac

191 2687 581 2750 iudiciorum
633 2708 767 2752 non
809 2687 936 2752 hoc
977 2686 1189 2751 facere
1235 2685 1584 2771 coegisset,
1637 2689 1833 2770 atque
1877 2687 2039 2753 haec
2081 2709 2212 2752 una

194 2792 398 2837 causa
456 2771 713 2855 fuisset,
778 2774 952 2857 quod
1015 2773 1295 2839 amicum
1358 2776 1554 2857 atque
1610 2773 1939 2859 hospitem
1993 2796 2208 2839 meum

192 2857 568 2942 Sthenium,
632 2882 823 2942 quem
888 2883 1011 2947 ego
1063 2863 1133 2926 ιιι
1188 2865 1539 2945 quaestura
1591 2884 1738 2927 mea
1791 2862 2210 2948 singulariter

102 2964 164 3007 so
193 2947 599 3030 dilexissem,
671 2948 748 3011 de
814 2970 941 3031 quo
1005 2950 1250 3034 optime
1314 2950 1813 3033 existimassem,
1888 2972 2077 3034 quem
2141 2950 2210 3014 in

189 3035 536 3121 provincia
608 3034 1107 3103 existimationis
1180 3060 1362 3103 meae
1427 3038 1974 3104 studiosissimum
2038 3037 2210 3122 cupi·

190 3125 666 3208 dissimumque
712 3145 1115 3210 cognossem,
1156 3130 1297 3192 tam
1342 3126 1705 3209 crudeliter,
1750 3126 2058 3191 scelerate
2103 3147 2210 3191 ne-

186 3212 486 3297 farieque
513 3217 868 3279 tractasses
896 3249 981 3262 --
1009 3218 1233 3279 tamen
1269 3215 1468 3301 digna
1504 3236 1699 3280 causa
1733 3213 2084 3286 videretur,
2097 3236 2210 3279 cur

186 3300 572 3367 inimicitias
629 3301 914 3367 hominis
966 3302 1435 3386 improbissimi
1490 3303 1909 3387 susciperem,
1968 3306 2044 3367 ut
2097 3303 2210 3368 ho-

93 3403 155 3447 se
184 3390 386 3473 spitis
426 3391 705 3456 salutem
739 3390 1164 3493 fortunasque
1204 3390 1625 3456 defenderem.
1696 3389 2012 3457 Fecerunt
2046 3391 2172 3458 hoc
2210 3401 2313 3452 118

184 3477 389 3541 multi
435 3500 475 3543 a
474 3480 608 3564 pud
653 3480 933 3545 maiores
980 3482 1268 3564 nostros,
1318 3479 1476 3545 fecit
1520 3479 1718 3545 etiam
1762 3501 1967 3565 nuper
2008 3480 2206 3547 homo

181 3502 616 3651 clarissimus,
654 3566 769 3635 On.
795 3567 1142 3651 Domitius,
1181 3568 1293 3653 qui
1328 3568 1413 3634 M
1444 3565 1755 3653 Silanum,
1801 3570 2206 3636 consularem

301 3675 411 3720 010.
439 3678 503 3720 11.
551 3682 588 3720 1.
1717 3679 1781 3727 16
