2566 4016
886 257 1286 316 CAP.19-21
1325 265 1356 326 5
1393 266 1620 317 62-68.
2164 260 2247 325 21

229 404 353 483 661,
397 404 890 501 procuratorem
929 401 1184 468 decreto
1223 404 1546 487 praetoris
1596 405 1961 488 oportuisse
2006 425 2252 489 parere.

229 450 443 564 Quid?
491 488 548 553 si
585 488 669 554 M.
698 486 945 553 Brutus
982 490 1486 557 intercessurum
1527 513 1594 556 se
1634 491 1798 556 dixit
1842 493 2081 576 palam,
2125 493 2253 558 nisi

230 575 388 661 quid
452 576 626 642 inter
692 577 908 661 ipsum
962 576 1270 656 Alfenum
1342 584 1408 645 et
1472 578 1793 645 Naevium
1863 580 2254 663 conveniret,

226 664 570 730 videturne
606 665 1050 731 intercessisse
1088 668 1446 752 appellatio
1483 668 1897 734 tribunorum
1942 688 2075 734 non
2119 690 2252 733 mo·

168 768 197 809 ⁵
224 775 368 837 rae,
415 752 530 818 sed
576 753 803 818 auxilii
848 756 1085 820 causa?

364 840 537 917 Quid
599 841 827 906 deinde
889 843 1010 907 fit?
1092 841 1397 927 AlfenuS,
1458 849 1534 910 ut
1590 866 1812 911 omnes
1866 845 2356 941 intellegere66

225 933 501 1016 possent
562 929 799 995 iudicio
864 930 1120 996 defendi
1182 930 1580 1016 Quinctium,
1649 955 1731 998 ne
1795 955 1924 1018 qua
1987 933 2251 999 subesse

224 1022 469 1118 posset·
494 1017 709 1083 aliena
746 1022 859 1084 aut
896 1019 1101 1103 ipsius
1140 1019 1353 1085 officio
1393 1026 1507 1086 aut
1541 1021 1733 1087 huius
1772 1021 2251 1087 existimatione

227 1105 535 1191 suspiciO,
581 1106 757 1172 viros
797 1107 1004 1172 bonos
1041 1110 1407 1192 complures
1455 1110 1747 1192 advocat,
1792 1112 2076 1174 testatur
2119 1109 2249 1174 isto

147 1209 200 1249 10
229 1193 533 1260 audiente
599 1215 668 1258 se
732 1216 851 1278 pro
916 1197 1244 1261 communi
1307 1159 1776 1263 necessitudine
1840 1197 1907 1261 id
1970 1196 2250 1279 primum

224 1286 479 1367 petere,
539 1303 623 1346 ne
689 1283 843 1365 quid
895 1284 1195 1349 'atrocius
1250 1284 1320 1349 in
1373 1285 1444 1349 P.
1490 1282 1861 1359 Quinctium
1917 1284 2251 1348 absentem

228 1370 372 1435 sine
400 1391 595 1436 causa
622 1369 835 1436 facere
862 1375 1159 1456 conetur3
1196 1372 1299 1436 sin
1327 1376 1545 1437 autem
1578 1371 2022 1437 inimicissime
2056 1373 2250 1455 atque

225 1456 654 1525 infestissime
715 1459 1101 1524 contendere
1159 1465 1555 1544 perseveret,
1619 1482 1688 1525 se
1747 1464 2052 1545 paratum
2111 1481 2251 1525 esse

227 1547 407 1611 omni
434 1550 617 1612 recta
645 1550 841 1630 atque
868 1547 1146 1612 honesta
1172 1549 1427 1614 ratione
1456 1549 1812 1634 defendere,
1851 1549 2022 1634 quod
2049 1552 2252 1634 petat,

146 1649 199 1691 1⁵
226 1656 360 1700 non
399 1634 647 1718 deberi3
694 1656 763 1700 se
801 1635 1107 1701 iudicium
1147 1636 1232 1719 id,
1278 1637 1451 1721 quod
1499 1638 1666 1721 edat,
1713 1638 2016 1722 accipere.
2088 1637 2249 1703 Eius
2288 1646 2355 1696 67

219 1723 323 1788 161
394 1722 916 1807 condicionisque
978 1725 1260 1789 tabellas
1333 1725 1842 1812 obsignaverunt
1906 1726 2030 1791 viri
2092 1725 2251 1791 boni

226 1811 615 1895 complures.
709 1810 840 1876 Res
901 1812 969 1876 in
1029 1812 1296 1878 dubium
1351 1814 1570 1878 venire
1623 1835 1758 1879 non
1811 1815 2050 1897 potest.
2142 1811 2251 1876 Fit

226 1898 426 1962 rebus
481 1899 779 1964 omnibus
835 1900 1111 1985 integris
1168 1923 1375 1985 neque
1426 1901 1809 2000 proscriptis
1853 1921 2061 1983 neque
2106 1921 2251 1983 pos-

229 1985 430 2052 sessis
478 1986 684 2070 bonis,
732 1991 810 2053 ut
836 1987 1111 2053 Alfenus
1157 1989 1506 2073 promittat
1540 1986 1788 2053 Naevio
1838 1987 1986 2051 sisti
2023 1984 2251 2065 Quinc-

143 2092 199 2132 30
226 2075 415 2141 110111.
492 2074 694 2141 Venit
750 2076 831 2141 ad
886 2077 1325 2142 vadimonium
1374 2074 1730 2151 Quinctius.
1808 2074 1987 2140 Iacet
2033 2097 2136 2140 res
2182 2076 2250 2140 in

226 2163 689 2231 controversiis
744 2165 874 2230 isto
931 2165 1370 2230 calumniante
1423 2164 1783 2247 biennium,
1837 2184 2041 2246 usque
2098 2163 2250 2229 dum

225 2253 655 2337 inveniretur,
710 2274 840 2337 qua
891 2253 1146 2319 ratione
1199 2276 1305 2318 res
1361 2255 1444 2319 ab
1482 2253 1746 2323 ,usitata
1791 2252 2250 2317 consuetudine

226 2340 557 2405 recederet
621 2345 688 2405 et
738 2341 809 2406 in
861 2341 987 2408 hoc
1042 2341 1374 2427 singulare
1428 2342 1757 2407 iudicium.
1789 2361 1985 2406 causa
2041 2341 2250 2407 omnis

227 2428 736 2509 concluderetur.

144 2528 200 2570 ²5
349 2515 549 2592 Quod
601 2516 916 2599 officium,
971 2515 1042 2581 O.
1088 2517 1342 2601 Aquili,
1400 2517 1896 2583 commemorari
1948 2540 2249 2602 procura·
2287 2524 2355 2575 68

169 2605 396 2669 10116
426 2608 666 2689 potest,
705 2605 877 2688 quod
905 2605 988 2669 ab
1016 2603 1255 2669 Alfeno
1285 2605 1710 2689 praeteritum
1740 2627 1880 2670 esse
1913 2605 2250 2670 videatur?

228 2693 384 2776 quid
432 2692 727 2776 affertur,
775 2715 972 2776 quare
1016 2692 1086 2757 P.
1124 2691 1461 2768 Quinctius
1506 2697 1782 2779 negetur
1829 2693 2065 2757 absens
2112 2713 2251 2757 esse

228 2780 576 2846 defensus?
637 2780 745 2845 An
789 2803 943 2846 vero
989 2780 1085 2866 id,
1132 2781 1304 2865 quod
1348 2780 1801 2863 Hortensium,
1849 2781 2002 2864 quia
2044 2800 2251 2864 nuper

225 2868 469 2951 iniecit,
516 2872 582 2934 et
626 2869 777 2952 quia
819 2866 1107 2935 Naevius
1155 2891 1410 2954 semper
1455 2869 1524 2934 id
1567 2870 1882 2950 clamitat,
1929 2869 2250 2933 dicturum

144 2970 199 3012 ³⁰
227 2956 541 3039 arbitror,
596 2978 728 3021 non
781 2956 983 3022 fuisse
1036 2955 1288 3022 Naevio
1344 2979 1570 3042 parem
1625 2956 2048 3023 certationem
2104 2976 2248 3020 cum

223 3043 466 3110 Alfeno
496 3044 614 3110 illo
642 3048 955 3130 tempore,
990 3045 1126 3110 illis
1164 3045 1692 3113 dominantibus?
1740 3043 1925 3120 Quod
1960 3044 2017 3108 si
2053 3042 2250 3107 velim

223 3133 548 3217 confiteri,
603 3132 798 3217 illud,
852 3133 1110 3219 opinor,
1166 3134 1542 3218 concedent,
1584 3156 1717 3200 non
1762 3134 2250 3217 procuratorem

220 3219 293 3285 P.
315 3220 579 3297 Quincti
613 3183 940 3287 nemi'nem
976 3220 1197 3306 fuisse,
1244 3222 1357 3287 sed
1395 3184 1759 3308 gratiosum
1794 3219 2014 3284 fuisse.
2085 3218 2251 3283 Mihi

222 3314 446 3375 autem
512 3309 594 3374 ad
654 3309 1038 3375 vincendum
1099 3310 1261 3375 satis
1323 3314 1424 3375 est
1481 3309 1684 3375 fuisse
1742 3311 2249 3394 procuratorem,

137 3410 192 3452 ³⁵
221 3398 485 3481 quicum
515 3398 943 3482 experiretur3
985 3398 1250 3482 qualis
1230 3420 1289 3462 16
1325 3397 1543 3481 fuerit,
1588 3398 1643 3463 si
1682 3395 1873 3462 modo
1912 3397 2248 3462 absentem

207 3485 613 3552 defendebat
649 3507 766 3570 per
811 3486 912 3551 ius
961 3490 1030 3551 et
1074 3508 1190 3571 per
1235 3487 1727 3571 magistratum,
1770 3480 1937 3550 nihil
1985 3486 2067 3551 ad
2110 3507 2248 3551 rem

218 3574 512 3640 arbitror
556 3574 897 3658 pertinere.

2272 812 2353 877 21
