2566 4016
323 227 409 293 92
707 226 850 281 PRO
888 226 950 292 Q.
979 223 1237 281 ROSCIO
1277 223 1624 279 COMOEDO
1662 222 1950 279 ORATIO.

322 371 502 457 licet,
556 393 628 436 re
682 374 749 435 et
800 370 1078 436 veritate
1123 369 1510 435 mediocrem
1557 371 1622 432 et
1666 372 1928 432 tenuem
1975 387 2115 431 esse
2160 366 2334 433 inve-

320 460 533 524 nietis
613 458 886 543 Accepit
940 458 1110 522 enim
1157 478 1388 557 agrum
1433 456 1838 541 temporibus
1883 455 1992 538 iis,
2047 476 2197 519 cum
2240 454 2331 520 ia-

322 550 540 612 cerent
564 546 779 631 pretia
805 547 1243 631 praediorum3
1281 544 1394 628 qui
1422 565 1579 630 ager
1604 565 1812 627 neque
1839 543 2066 608 villam
2100 542 2332 608 habuit

213 673 225 685 ·
319 657 527 719 neque
565 656 641 698 ex
676 635 816 699 ulla
852 637 1036 718 parte
1071 632 1197 698 fuit
1234 633 1476 717 cultus3
1523 631 1634 716 qui
1670 652 1841 696 nunc
1876 631 2086 696 multo
2123 631 2331 715 pluris

323 727 442 806 est,
488 744 682 806 quam
716 726 871 787 tunc
906 721 1049 786 fuit.
1120 719 1349 805 Neque
1384 720 1451 784 id
1488 724 1589 784 est
1625 720 1879 784 mirum.
1952 717 2120 783 Tum
2161 718 2331 783 enim
2357 737 2385 780 ⁵

321 814 604 895 propter
624 809 721 873 rei
754 808 1053 893 publicae
1099 808 1507 874 calamitates
1554 807 1842 872 omnium
1887 806 2330 892 possessiones

324 900 510 962 erant
562 897 871 981 incertae,
934 918 1104 962 nunc
1160 896 1351 960 deum
1402 895 1874 960 immortalium
1926 894 2331 979 benignitate

324 985 610 1049 omnium
645 984 945 1050 fortunae
988 987 1139 1049 sunt
1185 988 1427 1066 certae3
1471 987 1614 1047 tum
1659 986 1887 1048 erata
1846 1003 2004 1068 ager
2048 982 2330 1047 incultus

324 1073 461 1136 sine
524 1075 727 1155 tecte,
786 1093 957 1137 nunc
1022 1076 1122 1136 est
1183 1071 1583 1137 cultissimus
1647 1093 1795 1137 cum
1850 1070 2099 1155 optima
2153 1069 2330 1134 villa.

217 1170 286 1219 34
320 1158 564 1225 Verum
593 1164 832 1243 tamen,
869 1159 1174 1243 quoniam
1199 1163 1438 1224 natura
1462 1162 1602 1223 tam
1641 1158 1984 1223 malivolus
2031 1178 2117 1240 ee,
2148 1175 2413 1222 num-1⁰

323 1270 515 1332 quam
579 1247 714 1312 ista
772 1252 840 1312 te
902 1247 1205 1313 molestia
1258 1251 1325 1311 et
1379 1269 1532 1312 cura
1586 1246 1896 1311 liberabo.
1993 1244 2333 1311 Praeclare

323 1357 510 1400 suum
562 1335 899 1421 negotium
955 1336 1161 1421 gessit
1212 1334 1515 1417 Roscius,
1577 1333 1849 1399 fundum
1901 1332 2334 1399 fructuosissi-

320 1445 500 1487 mum
556 1423 856 1505 abstulit3
909 1423 1065 1523 quid
1109 1423 1190 1487 ad
1234 1423 1348 1487 te?
1428 1385 1635 1486 Tuam
1680 1426 1936 1506 partem
1983 1420 2332 1503 dimidiam,

325 1531 515 1594 quem
563 1510 645 1574 ad
689 1510 952 1575 modum
996 1511 1124 1594 vis,
1170 1509 1403 1575 decide.
1483 1508 1704 1574 Vertit
1747 1509 1854 1574 hic
1898 1509 2221 1573 rationem
2266 1512 2332 1572 et

320 1598 405 1681 id,
442 1597 614 1681 quod
644 1598 923 1682 probare
958 1619 1093 1663 non
1126 1600 1367 1682 potest,
1401 1597 1647 1683 fingere
1684 1601 1972 1663 conatur.
2029 1596 2150 1661 De
2187 1599 2332 1661 tota
2360 1615 2410 1655 1⁵

320 1684 422 1750 re'
422 1684 727 1769 ,inquit,
773 1684 1145 1749 decidisti'.

450 1772 629 1859 Ergo
667 1773 793 1838 huc
828 1770 1129 1838 universa
1165 1794 1361 1838 causa
1397 1772 1747 1857 deducitur,
1792 1776 2012 1837 utrum
2056 1771 2329 1838 Roscius

320 1883 464 1927 cum
509 1860 737 1926 Flavio
790 1860 867 1924 de
912 1882 1030 1925 sua
1073 1864 1261 1944 parte
1309 1882 1393 1925 an
1438 1860 1516 1925 de
1560 1863 1717 1939 tota
1750 1861 2060 1926 societate
2104 1860 2331 1926 fecerit

215 1960 281 2010 35
318 1949 704 2035 pactionem.
783 1946 958 2014 Nam
1000 1969 1121 2034 ego
1167 1947 1502 2033 Roscium,
1548 1948 1604 2014 si
1651 1948 1804 2033 quid
1850 1948 2176 2014 communi
2217 1969 2330 2014 no·

319 2038 492 2102 mine
547 2037 798 2123 tetigit,
852 2037 1163 2103 confiteor
1214 2041 1549 2121 praestare
1605 2036 1837 2102 debere
1883 2036 2197 2102 societati.
2249 2073 2324 2083 —
2357 2055 2412 2095 ιο

320 2123 691 2209 Societatis‚
759 2147 893 2190 non
954 2147 1103 2189 suas
1168 2125 1319 2189 lites
1382 2124 1682 2208 redemit,
1746 2147 1892 2190 cum
1954 2124 2222 2190 fundum
2291 2146 2332 2189 a

316 2212 548 2278 Flavio
606 2212 868 2295 accepit.
925 2246 1009 2258 —
1064 2211 1232 2286 Quid
1283 2213 1382 2278 ita
1435 2213 1596 2279 satis
1650 2234 1783 2278 non
1829 2213 2004 2278 dedit
2050 2211 2331 2297 amplius

321 2302 388 2379 [a
426 2302 521 2378 se]
558 2298 880 2362 neminem
916 2298 1317 2381 petiturum?
1392 2299 1517 2377 Qui
1562 2301 1639 2365 de
1681 2323 1799 2366 sua
1842 2304 2030 2385 parte
2060 2299 2332 2384 decidit,

319 2384 587 2468 reliquis
641 2385 966 2470 integram
1023 2386 1332 2470 relinquit
1387 2389 1734 2473 actionem,
1799 2389 1909 2472 qui
1960 2409 2080 2473 pro
2137 2388 2332 2453 sociis

319 2472 646 2558 transigit,
693 2473 850 2537 satis
890 2473 1002 2538 dat
1040 2475 1362 2540 neminem
1409 2498 1633 2542 eorum
1676 2480 1908 2578 postea
1950 2477 2330 2560 petiturum.
2359 2494 2413 2535 85

321 2560 488 2637 Quid
549 2561 646 2625 ita
699 2560 925 2627 Flavio
992 2562 1118 2627 sibi
1176 2585 1401 2629 cavere
1458 2586 1591 2630 non
1644 2565 1821 2629 venit
1873 2565 1945 2628 in
1997 2564 2330 2628 mentem?

317 2648 646 2713 nesciebat
680 2648 982 2715 videlicet
1007 2650 1384 2736 Panurgum
1420 2651 1674 2717 fuisse
1654 2674 1727 2715 ιιι
1760 2651 2089 2717 societate.
2161 2649 2332 2717 Scie-

316 2736 451 2801 bat.
559 2735 909 2803 Nesciebat
979 2738 1297 2804 Fannium
1368 2739 1605 2804 Roscio
1683 2762 1824 2805 esse
1898 2739 2158 2806 socium.
2240 2776 2333 2785 —

316 2823 686 2908 Praeclare3
737 2846 891 2890 nam
939 2826 1067 2890 iste
1112 2849 1257 2892 cum
1305 2848 1380 2891 eo
1426 2827 1610 2892 litem
1656 2830 2089 2893 contestatam
2133 2826 2333 2892 habe-

214 2922 281 2972 36
317 2912 451 2977 bat
531 2911 663 2979 Cur
714 2913 919 3015 igitur
970 2913 1205 2979 decidit
1251 2917 1318 2978 et
1359 2935 1492 2979 non
1535 2916 1960 3000 restipulatur
2003 2915 2332 2981 neminem
2359 2932 2415 2973 ⁸⁰

319 3001 598 3086 amplius
652 3001 1050 3085 petiturum?
1114 3023 1227 3067 cur
1281 3001 1358 3066 de
1411 3001 1612 3068 fundo
1668 3004 1917 3069 decedit
1970 3007 2035 3068 et
2089 3001 2333 3068 iudicio

317 3108 451 3153 non
504 3089 911 3154 absolvitur?
976 3111 1089 3154 cur
1140 3092 1279 3155 tam
1334 3089 1633 3174 imperite
1681 3091 1865 3176 facit,
1919 3094 1994 3155 ut
2034 3112 2156 3156 nec
2199 3089 2336 3155 Ro-

321 3175 522 3240 scium
577 3176 999 3259 stipulatione
1056 3177 1286 3262 alliget
1339 3199 1547 3261 neque
1593 3201 1633 3244 a
1674 3177 1923 3244 Fannio
1972 3178 2210 3244 iudicio
2257 3199 2334 3243 se

213 3273 279 3322 37
320 3263 663 3328 absolvat?
734 3263 861 3328 Est
908 3263 1032 3329 hoc
1075 3265 1358 3348 primum
1405 3268 1471 3329 et
1517 3287 1593 3330 ex
1639 3267 2009 3333 condicione
2052 3267 2214 3330 iuris
2261 3268 2334 3330 et

319 3370 396 3412 ex
433 3351 889 3416 consuetudine
926 3353 1243 3418 cautionis
1278 3352 1725 3419 firmissimum
1763 3359 1828 3420 et
1869 3354 2333 3440 gravissimum
2363 3369 2419 3411 ⁸⁵

320 3442 789 3521 argumentum,
828 3439 998 3522 quod
1036 3461 1157 3524 ego
1194 3441 1492 3525 pluribus
1528 3442 1745 3508 verbis
1784 3444 2224 3528 amplecterer,
2273 3441 2336 3506 si

315 3542 450 3586 non
469 3523 599 3588 alia
617 3525 894 3590 certiora
913 3531 979 3591 et
997 3528 1273 3593 clariora
1291 3529 1702 3596 testimonia
1685 3554 1752 3596 ιιι
1780 3552 1975 3598 causa
1999 3530 2335 3596 haberem.
