2566 4016
797 254 936 309 LIB.
975 254 1029 310 ΙΙ
1110 254 1267 311 ΟΑΡ.
1306 259 1444 311 5-7
1482 260 1513 322 5
1556 262 1776 312 13—19.
2162 259 2294 325 205

269 401 585 490 potuistis
638 400 855 485 priore
905 400 1163 466 actione
1205 399 1377 464 cives
1423 398 1751 466 Romanos
1795 401 2292 469 honestissimos

272 514 350 559 ex
404 488 630 557 Sicilia
683 487 1004 574 plurimos
1058 487 1361 553 maximis
1416 487 1493 553 de
1547 489 1768 571 rebus,
1828 493 1894 555 et
1949 511 2109 573 quas
2164 491 2296 575 ipsi
2367 570 2372 577 t

272 579 675 664 accepissent
728 576 1026 659 iniurias,
1080 580 1148 641 et
1193 596 1356 659 quas
1401 576 1641 642 scirent
1686 598 1827 643 esse
1873 577 2021 642 aliis
2065 578 2294 663 factas,
2373 576 2378 579 ’

272 689 394 752 pro
436 665 814 731 testimonio
862 664 1089 730 dicere.
1160 662 1306 749 Ego
1352 663 1494 747 hoc,
1539 664 1712 748 quod
1755 665 2090 751 intellego,
2135 666 2294 731 iudi·

220 773 248 814 5
274 777 399 839 ces,
446 755 538 819 sic
581 753 918 819 confirmo:
967 750 1211 816 Videor
1255 751 1418 816 mihi
1464 756 1727 837 gratum
1770 752 2003 818 fecisse
2040 751 2293 838 Siculis,

274 842 448 928 quod
493 863 717 907 eorum
761 840 1032 906 iniurias
1079 861 1224 904 meo
1269 840 1523 923 labore,
1573 841 1964 924 inimicitiis,
2004 842 2293 927 periculo

273 953 417 998 sum
473 932 877 1015 persecutus3
940 949 1073 993 non
1127 926 1343 992 minus
1396 928 1521 993 hoc
1576 932 1844 1014 gratum
1892 951 1996 996 me
2047 931 2293 995 nostris

273 1020 521 1085 civibus
585 1017 900 1102 intellego
964 1016 1226 1100 fecisse,
1291 1016 1402 1099 qui
1464 1015 1592 1082 hoc
1653 1017 2058 1101 existimant,
2114 1019 2294 1103 iuris,

272 1107 626 1189 libertatis,
689 1127 905 1171 rerum
967 1104 1505 1187 fortunarumque
1569 1126 1834 1172 suarum
1892 1106 2172 1172 salutem
2225 1107 2295 1172 in

194 1214 246 1254 ιο
272 1196 468 1260 istius
536 1193 953 1259 damnatione
1015 1192 1386 1258 consistere.
1488 1191 1898 1277 Quapropter
1962 1194 2042 1258 de
2101 1194 2293 1260 istius
2335 1206 2398 1257 1⁷

272 1286 583 1368 practura
637 1278 960 1347 Siciliensi
1011 1301 1140 1345 non
1197 1301 1423 1345 recuso
1480 1281 1636 1363 quin
1690 1281 1789 1346 ita
1840 1302 1943 1346 me
1999 1282 2296 1366 audiatis,

272 1375 377 1453 ut,
433 1370 489 1435 si
543 1369 842 1454 cuiquam
899 1369 1120 1454 generi
1173 1367 1512 1433 hominum
1566 1368 1703 1433 sive
1748 1366 2115 1437 Siculorum
2157 1371 2295 1437 sive

269 1462 647 1525 nostrorum
707 1457 971 1540 civium,
1035 1456 1092 1521 si
1147 1456 1449 1539 cuiquam
1503 1456 1718 1522 ordini
1770 1458 1906 1523 sive
1961 1462 2296 1525 aratorum

270 1548 411 1612 sive
475 1546 925 1631 pecuariorum
990 1546 1125 1609 sive
1188 1548 1623 1610 mercatorum
1685 1546 2001 1629 probatus
2059 1547 2175 1631 sit,
2239 1547 2297 1613 si

190 1654 240 1694 1⁵
267 1657 406 1702 non
432 1635 667 1701 horum
700 1633 989 1699 omnium
1026 1633 1386 1698 communis
1423 1633 1635 1699 hostis
1672 1634 2042 1718 praedoque
2077 1633 2294 1719 fuerit,

268 1725 328 1789 si
396 1724 700 1807 cuiquam
763 1721 1043 1805 denique·
1091 1721 1230 1785 ulla
1281 1721 1351 1784 in
1403 1742 1475 1785 re
1528 1742 1838 1804 umquam
1894 1724 2297 1807 temperarit,

266 1816 351 1877 ut
394 1832 511 1877 vos
560 1832 812 1895 quoque
858 1809 918 1873 ei
963 1808 1360 1894 temperetis,

411 1897 554 1982 Qui,
599 1898 792 1964 simul
831 1901 1027 1981 atque
1064 1897 1125 1961 ei
1159 1899 1336 1961 sorte
1376 1896 1710 1980 provincia
1745 1894 1968 1962 Sicilia
2013 1898 2297 1983 obvenit,

266 1986 505 2055 stafim
540 1986 788 2053 Romae
833 1989 899 2051 et
946 1985 1028 2051 ad
1072 1984 1324 2068 urbem,
1366 1987 1716 2068 antequam
1761 1984 2297 2071 proficisceretur,

181 2097 237 2137 πο
265 2098 583 2164 quaerere
628 2076 768 2161 ipse
815 2096 1034 2141 secum
1080 2076 1146 2137 et
1193 2073 1448 2158 agitare
1494 2094 1639 2138 cum
1688 2073 1820 2137 suis
1868 2074 2108 2159 coepit,
2160 2076 2297 2159 qui·

265 2169 551 2234 busnam
615 2165 809 2230 rebus
872 2164 943 2227 in
1006 2183 1084 2228 ea
1144 2159 1480 2247 provincia
1534 2161 1885 2227 maximam
1937 2184 2067 2228 uno
2125 2185 2294 2228 anno

264 2254 615 2340 pecuniam
668 2251 881 2317 facere
933 2253 1176 2336 posset.
1263 2249 1554 2315 Nolebat
1605 2249 1673 2314 in
1729 2250 1980 2336 agendo
2033 2250 2295 2334 discere,

265 2341 544 2409 tametsi
604 2361 737 2406 non
799 2339 1170 2426 provinciae
1233 2338 1412 2403 rudis
1468 2342 1609 2403 erat
1666 2342 1732 2403 et
1785 2339 1944 2424 tiro,
2008 2340 2120 2404 sed
2176 2339 2297 2421 [Si-

266 2430 490 2511 ciliae]
555 2433 823 2513 paratus
884 2428 968 2494 ad
1024 2426 1335 2513 praedam
1390 2426 1867 2511 meditatusque
1920 2429 2139 2495 venire
2194 2451 2297 2495 cu-

178 2538 236 2579 25
262 2520 515 2607 piebat.
597 2516 652 2582 Ο
697 2517 1029 2603 praeclare
1074 2515 1438 2581 coniectum
1483 2538 1523 2579 a
1566 2516 1764 2602 volgo
1808 2516 1877 2582 in
1920 2516 2108 2583 illam
2151 2540 2296 2602 pro·
2333 2528 2402 2579 18

262 2607 556 2674 vinciam
602 2627 795 2671 omen
839 2603 1200 2671 communis
1244 2602 1463 2668 famae
1509 2607 1704 2687 atque
1751 2605 2094 2688 sermonis,
2150 2627 2297 2671 cum

264 2717 350 2760 ex
387 2693 650 2757 nomine
685 2694 897 2775 istius,
942 2692 1096 2777 quid
1129 2691 1257 2756 iste
1292 2691 1363 2754 in
1397 2691 1732 2775 provincia
1765 2691 2057 2758 facturus
2105 2697 2298 2776 esset,

263 2778 662 2869 perridicule
696 2780 993 2845 homines
1036 2779 1554 2865 augurabantur!
1617 2778 1879 2845 Etenim
1926 2780 2069 2863 quis
2118 2780 2296 2844 dubi·

262 2877 419 2937 tare
456 2869 700 2950 posset,
744 2890 889 2933 cum
924 2869 1116 2933 istius
1153 2868 1223 2932 in
1263 2870 1618 2951 quaestura
1659 2867 1890 2954 fugam
1935 2871 2001 2932 et
2044 2867 2294 2932 furtum

174 2980 232 3022 so
262 2959 789 3042 recognosceret,
826 2977 973 3020 cum
998 2956 1069 3019 in
1096 2955 1424 3041 legatione
1452 2955 1839 3040 oppidorum
1868 2954 2295 3039 fanorumque

263 3042 703 3133 spoliationes
757 3043 1105 3129 cogitaret,
1158 3065 1307 3109 cum
1357 3043 1605 3108 videret
1648 3043 1717 3107 in
1760 3043 1905 3108 foro
1951 3043 2296 3108 latrocinia

259 3136 650 3223 praeturae,
707 3131 920 3216 qualis
961 3131 1087 3196 iste
1130 3130 1201 3194 in
1246 3134 1481 3214 quarto
1529 3134 1681 3197 actu
1725 3130 2148 3216 inprobitatis
2192 3131 2295 3196 fu-

259 3232 463 3290 turus
506 3220 722 3286 esset‘?
795 3218 1013 3304 Atque
1058 3221 1133 3306 ut
1176 3218 1581 3304 intellegatis
1628 3240 1777 3285 eum
1812 3218 2059 3284 Romae
2109 3241 2297 3303 quae·
2336 3224 2369 3290 7

262 3313 442 3380 sisse
502 3330 635 3376 non
700 3308 893 3375 modo
954 3328 1193 3393 genera
1243 3305 1528 3389 furandi,
1592 3307 1705 3373 sed
1759 3307 1960 3373 etiam
2014 3308 2296 3394 nomina,

174 3421 232 3463 ss
262 3398 714 3468 certissimum
752 3396 1023 3482 accipite
1061 3397 1538 3480 argumentum,
1585 3417 1712 3480 quo
1749 3395 2005 3462 facilius
2048 3396 2125 3462 de
2171 3398 2295 3464 sin-

264 3486 495 3576 gulari
541 3486 676 3552 eius
724 3482 1128 3572 impudentia
1172 3482 1562 3549 existumare
1607 3485 1892 3570 possitis.

410 3571 554 3646 Quo
613 3575 715 3640 die
766 3573 1052 3642 Siciliam
1110 3571 1338 3659 attigit
1391 3569 1660 3658 (videte,
1725 3575 1970 3642 satisne
2024 3581 2294 3662 paratus
2335 3586 2399 3634 19
