2566 4016
357 243 492 308 472
961 243 1041 298 IN
1078 244 1136 299 G.
1165 243 1477 298 VERREM
1513 242 1675 298 ACT.
1712 245 1781 298 11.

254 403 358 452 118
394 387 619 453 liberis
657 389 792 454 suis
831 388 1046 454 cibum
1082 388 1519 471 vestitumque
1555 386 1743 452 ferre.
1814 386 2048 452 Patres
2084 387 2181 471 hi,
2221 411 2397 473 quos

357 476 621 562 videtis,
682 476 984 542 iacebant
1044 476 1114 539 in
1163 476 1418 560 limine,
1481 480 1851 558 matresque
1906 475 2189 540 miserae
2250 499 2399 561 per-

356 565 713 630 noctabant
776 565 861 630 ad
914 564 1155 629 ostium
1209 563 1484 629 carceris
1541 564 1625 628 ab
1681 565 1969 627 extremo
2026 568 2401 647 conspectu

357 652 638 717 liberum
692 652 1016 737 exclusae3
1079 673 1243 734 quae
1298 652 1464 716 nihil
1520 651 1698 716 aliud
1752 650 2055 734 orabant,
2122 652 2264 716 nisi
2321 657 2402 716 ut

351 741 643 806 ‘filiorum
699 762 962 805 suorum
1007 743 1412 824 postremum
1458 739 1761 822 spiritum
1807 760 1917 802 ore
1963 738 2274 822 excipere
2324 741 2401 804 li·
2423 759 2445 798 ⁵

359 832 551 895 ceret.
614 827 862 893 Aderat
887 827 1130 893 ianitor
1164 827 1460 910 carceris,
1496 826 1783 892 carnifex
1818 824 2165 911 praetoris,
2207 850 2401 894 mors
2508 878 2509 903 1

357 921 697 1000 terrorque
780 915 1101 980 sociorum
1177 920 1244 981 et
1320 915 1558 981 civium
1629 914 2103 997 Romanorum,
2192 915 2403 982 lictor

359 1003 644 1087 Sextius,
699 1003 803 1068 cui
858 1025 933 1068 ex
994 1003 1169 1068 omni
1216 1003 1465 1089 gemitu
1513 1003 1861 1086 doloreque
1907 1005 2085 1066 certa
2137 1024 2401 1069 merces

358 1091 854 1177 conparabatur.
954 1090 1079 1156 ‘Ut
1140 1091 1360 1175 adeas,
1423 1093 1681 1155 tantum
1746 1089 1957 1173 dabis,
2019 1093 2097 1153 ut
2167 1091 2402 1156 cibum

357 1179 483 1244 tibi
537 1179 1030 1263 [vestitumque]
1076 1179 1251 1244 intro
1297 1179 1467 1244 ferre
1512 1179 1732 1262 liceat,
1782 1176 2082 1242 tantum?
2173 1176 2399 1245 Nemo
2423 1196 2461 1237 ι·

357 1268 723 1333 recusabat.
794 1266 1031 1344 ‘Quid‘e
1076 1270 1151 1331 ut
1177 1288 1307 1332 uno
1335 1267 1471 1331 ictu
1499 1266 1741 1332 securis
1771 1264 2059 1330 adferam
2098 1272 2401 1332 mortem

358 1355 497 1437 filio
561 1358 677 1421 tuo
687 1406 706 1440 ,
768 1355 925 1439 quid
979 1353 1209 1419 dabis?
1271 1376 1354 1419 ne
1409 1354 1519 1419 diu
1572 1353 1917 1437 crucietur,
1979 1373 2062 1416 ne
2123 1356 2401 1439 saepius

358 1442 660 1526 feriatur,
714 1464 795 1507 ne
850 1463 996 1507 cum
1056 1464 1248 1508 sensu
1304 1442 1547 1507 doloris
1603 1442 1822 1527 aliquo
1880 1440 2156 1524 spiritus
2217 1444 2401 1508 aufe-

358 1528 610 1594 ratur‘?’
690 1529 913 1593 Etiam
971 1529 1054 1593 ob
1110 1529 1279 1594 hanc
1326 1551 1589 1594 causam
1634 1528 1906 1614 pecunia
1952 1528 2238 1611 [lictori]
2295 1532 2401 1596 da-

255 1630 357 1682 119
395 1617 606 1680 batur.
696 1615 751 1680 Ο
806 1636 1118 1701 magnum
1172 1620 1369 1701 atque
1421 1617 1901 1682 intolerandum
1951 1615 2297 1683 dolorem!
2362 1642 2400 1684 o
2423 1635 2457 1675 1⁵

360 1725 628 1791 gravem
684 1705 1110 1788 acerbamque
1162 1704 1523 1770 fortunam!
1613 1703 1765 1769 Non
1818 1704 2025 1769 vitam
2077 1704 2402 1792 liberum,

361 1792 474 1857 sed
510 1793 742 1857 mortis
779 1793 1179 1858 celeritatem
1216 1793 1429 1876 pretio
1466 1792 1781 1857 redimere
1817 1790 2234 1877 cogebantur
2285 1817 2400 1879 pa-

361 1885 594 1946 rentes.
668 1880 887 1966 Atque
923 1880 1053 1964 ipsi
1090 1880 1289 1945 etiam
1326 1880 1770 1945 adulescentes
1808 1901 1954 1945 cum
1991 1876 2228 1945 Sextio
2279 1904 2397 1948 suo

361 1969 440 2034 de
468 1970 669 2055 plaga
703 1972 772 2033 et
808 1969 885 2033 de
922 1989 1051 2034 uno
1087 1968 1205 2035 illo
1240 1968 1377 2034 ictu
1412 1968 1862 2054 loquebantur,
1897 1967 2089 2052 idque
2129 1974 2397 2052 postre-
2506 1984 2507 2034 1

361 2080 540 2132 mum
603 2057 895 2142 parentis
962 2078 1113 2121 suos
1170 2055 1366 2121 liberi
1420 2058 1724 2140 orabant,
1786 2059 1863 2121 ut
1917 2056 2189 2121 levandi
2250 2081 2396 2124 cru-
2417 2074 2457 2115 w

361 2144 571 2210 ciatus
637 2144 738 2209 sui
800 2166 997 2211 causa
1058 2144 1277 2209 lictori
1339 2144 1611 2229 pecunia
1673 2144 1953 2209 daretur.
2050 2142 2266 2209 Multi
2334 2151 2399 2211 et

362 2252 596 2317 graves
626 2231 881 2297 dolores
912 2232 1162 2297 inventi
1196 2233 1578 2316 parentibus
1616 2235 1683 2296 et
1718 2231 2123 2316 propinquiS,
2162 2235 2398 2318 multi3

359 2342 584 2385 verum
639 2323 861 2384 tamen
914 2341 1090 2384 mors
1144 2320 1234 2383 sit
1277 2323 1654 2384 extremum.
1742 2318 1897 2384 Non
1940 2318 2082 2383 erit.
2179 2319 2397 2387 Estne

363 2406 626 2491 aliquid,
661 2407 838 2471 ultra
867 2428 993 2490 quo
1023 2406 1371 2472 crudelitas
1407 2406 1714 2493 progredi
1748 2406 2001 2491 possit?
2073 2406 2396 2492 Reperie-

360 2497 496 2577 tur3
549 2514 703 2557 nam
756 2493 1047 2578 illorum,
1089 2503 1247 2560 vcum
1303 2500 1492 2559 erunt
1547 2494 1754 2560 securi
1808 2494 2099 2578 percussi
2149 2515 2231 2560 ac
2281 2519 2395 2562 ne-
2418 2512 2460 2553 ¹⁵

360 2581 518 2664 cati,
572 2601 847 2664 corpora
894 2580 1050 2646 feris
1098 2583 1477 2664 obicientur.
1566 2581 1712 2648 Hoc
1756 2582 1813 2646 si
1857 2583 2240 2648 luctuosum
2293 2590 2397 2650 est

360 2669 766 2754 parentibus,
847 2669 1170 2734 redimant
1247 2671 1460 2754 pretio
1538 2669 1890 2755 sepeliendi
1959 2674 2396 2754 potestatem.

257 2770 361 2822 120
387 2758 676 2823 Onasum
703 2755 1148 2842 Segestanum,
1174 2757 1505 2822 hominem
1531 2757 1839 2842 nobilem,
1865 2757 2074 2823 dicere
2100 2759 2397 2825 audistis

362 2868 431 2911 se
477 2845 561 2911 ob
611 2846 1011 2930 sepulturam
1050 2844 1343 2911 Heraclii
1387 2845 1698 2911 nauarchi
1743 2845 2081 2930 pecuniam
2130 2846 2398 2913 Timar·

359 2933 532 2999 chidi
558 2955 949 2998 numerasse.
1013 2932 1114 2998 Ne
1150 2933 1275 2999 hoc
1311 2933 1524 3017 possis
1563 2932 1796 2999 dicere:
1836 2932 2142 2997 ‘Patres
2183 2938 2397 3001 enim
2422 2951 2461 2991 ³·

357 3021 680 3087 veniunt
726 3021 1034 3086 amissis
1079 3019 1283 3085 filiis
1330 3020 1572 3105 irati',
1617 3021 1719 3087 vir
1762 3020 2135 3105 primarius,
2182 3022 2398 3089 homo

355 3109 823 3192 nobilissimus,
870 3108 1043 3193 dicit,
1086 3130 1295 3193 neque
1332 3109 1410 3173 de
1445 3109 1582 3173 filio
1626 3108 1799 3174 dicit.
1871 3108 2012 3173 Iam
2056 3109 2190 3175 hoc
2240 3113 2397 3196 quis

355 3200 497 3262 tum
543 3197 672 3261 fuit
716 3194 1051 3280 Syracusis
1100 3197 1256 3280 quin
1302 3196 1603 3280 audierit,
1659 3196 1816 3281 quin
1861 3197 2052 3279 sciat,
2104 3196 2239 3264 has
2292 3200 2401 3264 Ti·

355 3284 674 3349 marchidi
736 3284 1068 3367 pactiones
1133 3285 1505 3368 sepulturae
1560 3306 1706 3350 cum
1760 3284 1928 3349 vivis
1984 3285 2194 3350 etiam
2252 3288 2399 3353 illis

358 3393 499 3435 esse
526 3371 780 3437 factas?
851 3371 1004 3436 Non
1039 3372 1262 3456 palam
1300 3394 1444 3437 cum
1474 3371 1883 3438 Timarchide
1920 3372 2401 3460 loquebantur,
2424 3391 2463 3431 ³⁵

353 3477 488 3553 non
516 3478 738 3523 omnes
768 3459 1057 3523 omnium
1083 3460 1431 3544 propinqui
1458 3459 1955 3545 adhibebantur,
1989 3481 2125 3526 non
2162 3465 2401 3547 palam

353 3561 652 3605 vivorum
696 3543 926 3610 funera
971 3546 1404 3611 locabantur?
