2566 4016
337 255 468 320 230
940 252 1020 306 IN
1057 252 1114 306 G.
1144 251 1452 306 VERREM
1489 204 1645 306 ΑΟΤ.
1684 250 1751 305 11.

338 399 704 484 gantiorem
733 401 797 461 et
825 396 1159 461 Deliacam
1188 399 1253 460 et
1281 393 1690 461 Corinthiam
1718 398 1784 458 et
1821 393 2081 459 tabulas
2119 393 2346 477 pictaS,

339 487 537 551 etiam
592 485 850 570 argenti
901 484 1063 548 bene
1117 483 1305 565 facti,
1358 486 1553 567 prout
1604 481 2010 546 Thermitani
2064 481 2345 545 hominis

337 573 686 639 facultates
738 573 1060 655 ferebant,
1115 572 1293 636 satis,
1386 569 1595 653 Quae,
1648 591 1793 634 cum
1848 573 2019 634 esset
2073 569 2143 633 in
2186 568 2347 633 Asia

341 661 713 726 adulescens
724 710 742 743 ,
805 660 1119 743 studiose,
1180 662 1256 723 ut
1320 658 1479 741 dixi,
1543 660 1953 741 compararat
2016 678 2149 722 non
2212 661 2349 721 tam

342 770 495 813 suae
547 747 994 812 delectationis
1041 768 1235 811 causa
1266 767 1478 829 quam
1526 745 1608 809 ad
1652 745 2072 809 invitationes
2122 745 2349 809 adven·
2404 764 2432 803 5

340 841 574 918 tusque
609 838 983 899 nostrorum
1019 834 1357 899 hominum
1395 835 1716 915 [suorum]
1757 833 2110 897 amicorum
2158 837 2349 916 atque

237 934 306 983 84
341 923 695 1006 hospitum.
778 922 952 998 Quae
989 926 1418 1006 posteaquam
1462 920 1587 984 iste
1635 920 1854 985 omnia
1900 920 2173 984 abstulit
2222 921 2351 985 alia

341 1010 652 1097 rogandO,
690 1009 820 1073 alia
845 1009 1185 1093 poscendo,
1223 1009 1355 1073 alia
1383 1007 1710 1090 sumendO,
1747 1007 1999 1072 ferebat
2029 1006 2351 1091 StheniuS,

342 1102 416 1163 ut
458 1101 746 1182 poterat3
793 1097 1158 1183 angebatur
1201 1096 1404 1160 animi
1446 1095 1827 1179 necessario,
1874 1095 2046 1179 quod
2092 1096 2353 1160 domum

343 1186 478 1250 eius
518 1189 896 1250 exornatam
934 1188 1000 1250 et
1035 1185 1424 1249 instructam
1458 1183 1593 1248 fere
1638 1184 1769 1247 iam
1814 1183 1940 1247 iste
1986 1182 2352 1248 reddiderat
2385 1203 2435 1240 10

341 1273 581 1338 nudam
646 1277 841 1357 atque
903 1273 1191 1356 inanem3
1252 1294 1477 1337 verum
1540 1276 1762 1335 tamen
1817 1271 2108 1353 dolorem
2163 1293 2352 1335 suum

342 1361 588 1425 nemini
626 1361 1072 1444 impertiebat3
1117 1360 1440 1445 praetoris
1486 1359 1755 1423 iniurias
1801 1358 2027 1442 tacite,
2070 1359 2352 1442 hospitis

238 1458 306 1508 85
345 1448 597 1532 placide
635 1448 934 1511 ferendas
982 1447 1443 1512 arbitrabatur.
1524 1446 1783 1511 Interea
1828 1446 1953 1510 iste
1999 1447 2353 1531 cupiditate

342 1535 461 1598 illa
498 1556 616 1598 sua
649 1538 810 1599 nota
846 1538 1041 1617 atque
1079 1535 1249 1619 apud
1289 1556 1512 1599 omnes
1548 1537 1925 1619 pervagata,
1973 1556 2117 1599 eum
2165 1535 2355 1619 signa

345 1621 661 1705 quaedam
714 1622 1152 1705 pulcherrima
1198 1626 1393 1706 atque
1441 1622 1894 1706 antiquissima
1940 1622 2236 1687 Thermis
2284 1623 2357 1687 in
2388 1641 2438 1680 15

343 1710 604 1794 publico
661 1709 880 1795 posita
939 1710 1237 1794 vidisset,
1302 1709 1655 1792 adamavit3
1718 1732 1758 1774 a
1810 1706 2079 1774 Sthenio
2133 1714 2356 1793 petere

343 1797 583 1883 coepit,
640 1801 715 1862 ut
769 1798 852 1862 ad
906 1820 982 1863 ea
1035 1798 1328 1863 tollenda
1382 1819 1646 1882 operam
1701 1819 1884 1862 suam
1937 1797 2356 1882 profiteretur

345 1907 538 1969 seque
598 1885 950 1950 adiuvaret.
1040 1882 1345 1951 Sthenius
1410 1907 1562 1950 vero
1617 1906 1749 1949 non
1804 1886 2014 1950 solum
2068 1886 2355 1970 negavit,

345 1973 456 2039 sed
485 1973 683 2039 etiam
723 1973 1008 2040 ostendit
1044 1974 1185 2039 fieri
1219 1973 1289 2038 id
1324 1974 1505 2038 nullo
1552 1972 1743 2037 modo
1788 1995 1998 2058 posse,
2044 1976 2116 2037 ut
2162 1974 2356 2059 signa

345 2062 816 2146 antiquissima,
863 2066 1280 2127 monumenta
1320 2062 1390 2126 P.
1410 2060 1719 2144 Africani,
1766 2083 1843 2125 ex
1880 2061 2118 2145 oppido
2156 2061 2356 2126 Ther·
2388 2080 2440 2119 20

344 2150 740 2214 mitanorum
801 2150 1110 2214 incolumi
1173 2150 1294 2214 illa
1351 2150 1614 2214 civitate
1673 2149 2072 2233 imperioque
2125 2150 2358 2234 populi

345 2236 627 2301 Romani
671 2236 1074 2300 tollerentur.

475 2322 740 2385 Etenim
801 2326 875 2385 ut
940 2323 1132 2386 simul
1196 2322 1490 2388 Africani
1558 2347 1811 2410 quoque
1874 2325 2355 2390 humanitatem

346 2412 411 2473 et
454 2409 847 2492 aequitatem
893 2410 1319 2495 cognoscatis,
1366 2412 1673 2497 oppidum
1710 2411 2047 2477 Himeram
2085 2411 2356 2478 Cartha·

343 2496 668 2647 ginienses
735 2497 1057 2581 quondam
1112 2503 1445 2583 ceperant,
1510 2500 1682 2584 quod
1733 2501 1947 2565 fuerat
2001 2500 2071 2564 in
2122 2501 2357 2585 primis
2389 2518 2439 2558 2⁵

389 2583 600 2648 ieiliae
655 2585 902 2649 clarum
948 2589 1013 2649 et
1061 2590 1381 2651 ornatum.
1461 2584 1703 2671 Scipio,
1758 2588 1869 2672 qui
1913 2588 2037 2653 hoc
2084 2585 2360 2673 dignum

341 2671 584 2757 populo
648 2672 943 2737 Romano
1017 2674 1470 2757 arbitraretur,
1534 2675 1710 2740 bello
1784 2675 2077 2741 confecto
2142 2678 2358 2741 socios

343 2782 460 2824 sua
512 2781 630 2844 per
675 2764 971 2846 nostram
1015 2761 1357 2826 victoriam
1403 2784 1808 2847 recuperare,
1864 2761 2097 2828 Siculis
2146 2766 2360 2828 omni-

340 2848 462 2911 bus
493 2845 890 2934 Carthagine
929 2853 1137 2934 capta,
1176 2872 1339 2933 quae
1376 2850 1611 2934 potuit,
1647 2851 2045 2930 restituenda
2081 2851 2360 2916 curavit.

340 2934 610 3000 Himera
666 2936 880 3001 deleta
926 2959 1087 3021 quos
1134 2938 1293 3002 civis
1338 2937 1500 3001 belli
1546 2938 1884 3003 calamitas
1931 2939 2218 3023 reliquos
2267 2938 2362 3003 fe·
2392 2956 2443 2995 ³⁰

342 3026 538 3107 cerat,
583 3024 632 3087 ii
669 3045 737 3088 se
776 3024 1074 3089 Thermis
1113 3026 1530 3090 conlocarant
1566 3026 1636 3089 in
1672 3026 1877 3091 isdem
1925 3027 2069 3112 agri
2113 3026 2362 3091 finibus

337 3132 545 3194 neque
574 3111 769 3196 longe
800 3112 882 3176 ab
913 3112 1150 3196 oppido
1180 3113 1467 3197 antiquo.
1521 3111 1604 3177 Ei
1632 3133 1700 3178 se
1727 3118 1992 3198 patrum
2019 3114 2367 3179 fortunam

340 3220 415 3263 ac
443 3198 833 3284 dignitatem
861 3221 1239 3284 recuperare
1267 3201 1775 3284 arbitrabantur,
1812 3224 1959 3267 cum
1993 3202 2112 3266 illa
2150 3202 2367 3267 maio-

232 3292 300 3343 87
338 3306 484 3349 rum
513 3291 893 3352 ornamenta
928 3288 999 3351 in
1035 3309 1257 3352 eorum
1296 3288 1533 3373 oppido
1573 3289 2080 3354 collocabantur.
2143 3288 2370 3354 Erant
2461 3369 2466 3374 ι

340 3371 528 3453 signa
584 3396 662 3437 ex
717 3396 862 3439 aere
912 3376 1273 3459 complura3
1328 3376 1399 3439 in
1442 3376 1544 3439 his
1593 3377 1827 3441 eximia
1872 3378 2369 3462 pulchritudine
2400 3395 2449 3435 ³⁵

338 3455 484 3537 ipsa
526 3458 799 3525 Himera
852 3462 922 3526 in
976 3463 1359 3528 muliebrem
1412 3463 1693 3549 figuram
1747 3465 2175 3548 habitumque
2229 3466 2374 3530 for·

340 3545 518 3606 mata
569 3566 646 3607 ex
693 3549 914 3630 oppidi
957 3550 1218 3615 nomine
1266 3555 1331 3615 et
1378 3550 1682 3617 fluminis,
1764 3552 1926 3619 Erat
1974 3553 2171 3618 etiam
2221 3551 2378 3619 Ste-

239 2293 326 2417 ἓξ
