2566 4016
859 224 1018 279 CAP.
1052 231 1259 280 39-41
1301 230 1331 290 ξ
1370 231 1664 280 llo-120.
2187 227 2271 291 69

247 393 372 456 quo
430 369 743 435 iudicium
799 372 901 434 est
907 419 926 454 ,
988 369 1346 454 reperietis.
1452 366 1718 433 Etenim
1774 389 2078 452 quaerere
2141 371 2239 435 ita
2278 391 2378 441 118

245 458 520 526 debetis:
585 458 701 522 ubi
746 458 956 522 multa
1003 478 1221 541 avare,
1266 457 1479 521 multa
1524 455 1855 540 audacter,
1901 459 2109 523 multa
2153 459 2272 523 im-

242 548 470 634 probe,
547 546 757 610 multa
821 545 1166 629 perfidiose
1238 544 1416 610 facta
1489 543 1820 627 videbitis,
1894 545 1987 608 ibi
2064 547 2272 611 scelus

244 655 499 721 quoque
547 634 754 698 latere
800 633 971 697 inter
1014 633 1135 698 illa
1170 635 1274 698 tot
1310 632 1568 719 flagitia
1602 635 1919 716 putatote.
1984 632 2274 718 Tametsi

189 751 216 791 5
242 724 366 789 hoc
416 721 675 806 quidem
722 721 992 785 minime
1040 721 1223 804 latet,
1269 721 1442 804 quod
1482 721 1578 786 ita
1613 725 1990 805 promptum
2029 725 2094 785 et
2130 744 2274 807 pro·

240 811 532 897 positum
590 811 719 893 est,
773 812 849 872 ut
900 829 1033 873 non
1088 830 1166 873 ex
1217 807 1356 872 illis
1412 808 1776 893 maleficiis,
1832 831 1996 894 quae
2041 810 2111 873 in
2154 810 2272 875 illo

243 900 502 964 constat
558 917 728 980 esse,
782 896 906 961 hoc
960 896 1412 982 intellegatur,
1468 919 1693 962 verum
1748 918 1824 962 ex
1884 897 2007 963 hoc
2056 898 2273 980 etiam,

242 988 300 1052 si
350 1008 478 1070 quo
525 986 604 1049 de
639 984 905 1050 illorum
940 983 1112 1049 forte
1150 984 1572 1068 dubitabitur,
1611 986 2044 1051 convincatur.
2106 986 2273 1062 Quid

240 1073 529 1156 tandem,
578 1094 837 1156 quaeso,
882 1072 1168 1137 iudices?
1210 1094 1371 1137 num
1417 1077 1532 1137 aut
1576 1073 1689 1137 ille
1728 1073 1972 1137 lanista
2009 1076 2271 1139 omnino

162 1190 213 1229 10
241 1164 377 1228 iam
441 1183 482 1225 a
546 1160 765 1245 gladio
829 1159 1172 1225 recessisse
1234 1160 1492 1225 videtur
1557 1165 1671 1225 aut
1740 1159 1847 1225 hic
1920 1160 2273 1244 discipulus

203 1275 216 1281 ·
241 1250 565 1334 magistro
594 1248 926 1313 tantulum
960 1247 1038 1311 de
1068 1250 1209 1311 arte
1237 1248 1628 1312 concedere?
1681 1245 1812 1310 Par
1849 1251 1950 1311 est
1979 1247 2273 1331 avaritia,

243 1337 482 1403 similis
511 1336 919 1421 improbitas,
961 1335 1184 1400 eadem
1211 1335 1631 1420 impudentia,
1669 1335 1928 1420 gemina
1956 1335 2238 1401 audacia.
2292 1388 2376 1448 41

378 1424 662 1508 Etenim,
701 1423 1007 1508 quoniam
1045 1423 1237 1487 fidem
1275 1422 1580 1509 magistri
1616 1423 1969 1509 cognostiS,
2005 1444 2238 1509 cogno-
2280 1463 2378 1511 119

242 1514 410 1580 scite
436 1534 607 1577 nunc
645 1511 944 1596 discipuli
987 1511 1400 1595 aequitatem.
1466 1510 1620 1575 Dixi
1655 1512 1789 1577 iam
1819 1516 2011 1578 antea
2049 1534 2240 1597 saepe

163 1629 213 1670 15
240 1622 518 1668 numero
566 1600 939 1684 postulatos
987 1621 1126 1664 esse
1174 1600 1256 1665 ab
1304 1600 1452 1664 istis
1500 1599 1659 1665 duos
1707 1622 1927 1665 servos
1973 1601 2044 1664 in
2086 1623 2274 1684 quae·

190 1750 193 1753 ,
244 1688 545 1755 stionem.
646 1686 744 1752 Tu
813 1708 1093 1772 semper,
1157 1686 1227 1752 T.
1291 1687 1515 1771 Rosci,
1578 1688 1909 1753 recusasti.
2022 1688 2274 1763 Quaero

243 1778 366 1844 abs
394 1780 488 1840 te:
538 1775 715 1858 ‘Iine,
761 1775 874 1859 qui
909 1775 1354 1859 postulabant,
1398 1774 1652 1860 indigni
1688 1780 1893 1859 erant,
1935 1776 2046 1858 qui
2072 1776 2301 1857 impe-.

245 1867 530 1946 trarent,
584 1884 668 1927 an
721 1863 779 1926 is
824 1865 890 1926 te
934 1884 1067 1927 non
1113 1863 1591 1945 commovebat,
1648 1884 1768 1945 pro
1817 1883 1943 1944 quo
1989 1862 2277 1946 postula-

245 1954 431 2034 bant,
478 1972 560 2016 an
604 1971 708 2015 res
754 1950 900 2035 ipsa
943 1950 1068 2015 tibi
1112 1950 1339 2034 iniqua
1381 1948 1790 2016 videbatur?
1842 1949 2277 2015 Postulabant

160 2069 215 2108 ιο
245 2039 544 2105 homines
571 2038 965 2104 nobilissimi
994 2043 1188 2121 atque
1225 2037 1632 2122 integerrimi
1668 2040 1933 2100 nostrae
1973 2037 2276 2122 civitatiS,

245 2149 413 2213 quos
468 2127 600 2191 iam
657 2131 849 2192 antea
907 2124 1264 2207 nominavi3
1326 2124 1437 2209 qui
1488 2124 1585 2189 ita
1637 2123 1936 2188 vixerunt
1981 2125 2275 2208 talesque

245 2239 287 2282 a
343 2215 588 2300 populo
653 2214 947 2279 Romano
1012 2217 1356 2299 putantur,
1428 2216 1527 2296 ut,
1595 2211 1900 2296 quicquid
1974 2212 2278 2297 dicerent,

241 2326 438 2370 nemo
505 2304 703 2384 esset,
768 2302 877 2387 qui
938 2323 1069 2367 non
1132 2322 1407 2385 aequum
1462 2303 1741 2386 putaret.
1840 2299 2277 2366 Postulabant

244 2395 469 2458 autem
512 2411 633 2475 pro
679 2389 942 2455 homine
988 2389 1350 2455 miserrimo
1407 2393 1602 2473 atque
1646 2388 2118 2474 infelicissimo,
2167 2390 2278 2474 qui

160 2506 214 2546 25
243 2479 355 2545 vel
392 2478 532 2562 ipse
571 2498 711 2542 sese
746 2477 817 2540 in
852 2477 1207 2542 cruciatum
1243 2465 1389 2541 dari
1422 2480 1702 2562 cuperet,
1748 2477 1900 2541 dum
1946 2477 2024 2544 de
2067 2478 2277 2562 patris

245 2570 465 2632 morte
492 2569 925 2650 quaereretur.
997 2563 1127 2628 Res
1155 2584 1352 2648 porro
1383 2564 1501 2629 abs
1538 2568 1604 2628 te
1643 2564 1778 2629 eius
1816 2566 1993 2629 modi
2018 2569 2238 2649 postu·
2281 2586 2382 2635 120

244 2654 531 2737 labatur,
571 2657 645 2717 ut
676 2652 842 2717 nihil
860 2653 1223 2734 interesset,
1249 2656 1470 2716 utrum
1499 2673 1642 2717 eam
1670 2673 1808 2716 rem
1836 2673 2164 2718 recusares
2194 2674 2276 2717 an

249 2743 332 2805 de
368 2741 684 2806 maleficio
724 2740 1117 2805 confiterere.
1202 2738 1380 2816 Quae
1427 2761 1572 2804 cum
1616 2739 1712 2804 ita
1759 2739 1908 2823 sint,
1956 2761 2193 2823 quaero
2234 2756 2382 2823 (120)
2460 2742 2465 2748 ’

248 2828 371 2894 abs
438 2831 531 2912 te,
597 2850 792 2913 quam
847 2828 931 2892 ob
987 2848 1254 2892 causam.
1307 2827 1642 2892 recusaris.
1745 2825 1909 2891 Cum
1965 2826 2278 2892 occiditur

161 2945 217 2985 ao
247 2915 394 2982 Sex.
441 2916 736 3000 Roscius,
784 2915 1026 2980 ibidem
1069 2914 1350 2980 fuerunt.
1444 2913 1678 2980 Servos
1724 2914 1931 2999 ipsos,
1978 2913 2151 2998 quod
2198 2912 2280 2978 ad

246 3026 355 3070 me
412 3004 676 3087 attinet,
731 3024 938 3087 neque
985 3023 1191 3088 arguo
1238 3024 1447 3085 neque
1491 3024 1731 3088 purg03
1789 3001 1959 3085 quod
2007 3023 2046 3065 a
2089 3000 2278 3066 vobis

248 3091 619 3246 {fflgemsss-‘i
632 3091 1007 3264 ,53304233
1050 3090 1615 3263 {ssuiusseffssi‘i’ffi
1664 3087 2279 3240 Ϋὶῗιίοἰὲἓῗᾷῗὲἑ

249 3272 430 3351 sunt,
485 3228 781 3352 pr'ofecto
825 3286 1085 3331 necesse
1134 3269 1235 3330 est
1280 3265 1492 3330 sciant
1539 3263 1813 3348 aliquid,
1865 3262 2035 3346 quod
2082 3263 2141 3327 si
2186 3264 2280 3329 di-

161 3382 220 3423 ³5
246 3355 483 3439 xerint,
526 3354 964 3439 perniciosum
1008 3352 1196 3420 vobis
1242 3352 1537 3418 futurum
1585 3351 1689 3415 sit.
1741 3386 1814 3396 —
1867 3349 1946 3414 In
1983 3351 2278 3419 dominos

250 3443 476 3528 quaeri
552 3442 629 3507 de
704 3441 906 3507 servis
964 3441 1257 3525 iniquum
1322 3443 1439 3504 est.
1493 3475 1578 3486 ——
1632 3437 1728 3502 At
1788 3459 1985 3522 neque
2043 3441 2116 3506 in
2177 3461 2282 3506 vos

252 3531 613 3615 quaeritur,
661 3527 801 3594 Sex.
851 3529 1019 3594 enim
1058 3527 1334 3593 Roscius
1377 3547 1524 3591 reus
1564 3529 1692 3612 est3
1736 3548 1944 3612 neque
1981 3530 2052 3594 in
2087 3529 2280 3594 domi-
