2566 4016
282 222 410 286 170
891 220 969 274 IN
1009 219 1066 275 C.
1095 219 1403 274 VERREM
1440 218 1594 274 ACT.
1635 218 1698 272 11.

278 366 560 431 Romani
614 365 1098 447 circumsessus,
1159 386 1294 429 non
1348 363 1540 428 modo
1595 362 1762 448 igni,
1824 361 2028 446 ferr0,
2086 386 2302 447 manu,

279 453 482 537 copiis
538 457 981 539 oppugnatus,
1036 452 1147 517 sed
1202 452 1425 536 aliqua
1480 473 1557 515 ex
1609 454 1797 536 parte
1852 451 2137 516 violatus
2196 453 2304 536 sit,

278 543 408 607 nisi
452 541 710 626 publice
757 542 918 606 satis
964 540 1211 606 factum
1257 541 1363 623 sit,
1410 540 1469 605 ei
1514 539 1767 604 civitati
1809 539 2059 604 bellum
2107 541 2304 605 indici

174 640 245 691 80
283 635 477 713 atque
505 629 732 694 inferri
761 631 986 695 solere.
1052 629 1229 705 Quae
1264 629 1392 692 fuit
1425 628 1632 713 igitur
1668 649 1880 710 causa,
1918 650 2032 693 cur
2069 633 2303 693 cuncta

280 719 509 784 civitas
546 718 1137 801 Lampsacenorum
1178 717 1257 781 de
1303 716 1622 799 contione,
1669 738 1860 799 quem
1908 716 1990 779 ad
2035 717 2302 781 modum
2329 735 2359 776 5

279 801 422 871 tute
461 806 710 889 scribiS,
748 807 1012 870 domum
1048 810 1233 870 tuam
1270 805 1725 869 concurreret?
1772 808 1846 868 tu
1883 804 2054 869 enim
2092 826 2301 889 neque

277 895 349 959 in
403 894 672 976 litteriS,
728 915 886 978 quas
942 892 1190 958 Neroni
1243 893 1482 976 mittis,
1533 914 1740 976 neque
1797 893 1866 955 in
1919 893 2299 958 testimonio

277 1003 541 1048 causam
593 982 766 1046 tanti
819 982 1140 1047 tumultus
1196 980 1486 1045 ostendis
1543 980 1775 1064 ullam3
1836 982 2175 1046 obsessum
2232 986 2300 1046 te

280 1070 466 1155 dicis,
517 1072 739 1155 ignem
785 1071 1088 1152 allatum,
1145 1074 1475 1134 sarmenta
1520 1069 1946 1153 circumdata,
2001 1069 2301 1135 lictorem

278 1162 463 1224 tuum
521 1160 801 1225 occisum
848 1180 989 1224 esse
1036 1158 1223 1241 dicis,
1278 1157 1637 1243 prodeundi
1682 1157 1807 1221 tibi
1850 1157 1922 1221 in
1964 1158 2300 1242 publicum
2332 1178 2389 1219 ιο

276 1250 673 1333 potestatem
708 1247 953 1313 factam
988 1268 1219 1332 negas3
1266 1268 1528 1311 causam
1572 1246 1766 1310 huius
1793 1246 1983 1323 ,tanti
2028 1247 2298 1311 terroris

276 1335 585 1401 occultas.
655 1335 848 1419 Nam,
888 1336 947 1399 si
983 1358 1179 1420 quam
1216 1334 1502 1399 Rubrius
1540 1334 1845 1398 iniuriam
1884 1355 2000 1399 suo
2035 1335 2298 1400 nomine
2376 1407 2379 1412 ,

278 1445 353 1488 ac
398 1444 531 1487 non
573 1423 861 1506 impulsu
905 1427 1021 1487 tuo
1069 1427 1135 1488 et
1179 1427 1296 1487 tua
1342 1422 1697 1506 cupiditate
1740 1421 2029 1505 fecisset,
2076 1422 2154 1487 de
2198 1424 2300 1488 tui

278 1510 535 1575 comitis
587 1511 825 1575 iniuria
880 1514 1183 1595 questum
1238 1510 1320 1575 ad
1363 1514 1431 1575 te
1476 1511 1695 1596 potius
1743 1532 1937 1594 quam
1983 1515 2050 1575 te
2098 1533 2298 1596 oppu-
2404 1559 2415 1576 ,

278 1601 551 1684 gnatum
606 1597 917 1663 venirent.
1008 1597 1171 1664 Cum
1225 1599 1456 1684 igitur,
1511 1621 1675 1683 quae
1734 1620 1929 1665 causa
1974 1600 2153 1664 illius
2200 1603 2298 1663 tu·
2326 1619 2380 1659 ιε

279 1686 523 1751 multus
577 1685 801 1770 fuerit,
856 1690 1058 1752 testes
1114 1710 1154 1752 a
1206 1687 1396 1751 nobis
1452 1688 1752 1771 producti
1797 1687 2103 1770 dixerint,
2156 1687 2297 1772 ipse

276 1775 533 1859 celarit,
584 1796 800 1840 nonne
855 1797 1116 1841 causam
1165 1775 1361 1858 hanc,
1416 1797 1611 1859 quam
1656 1797 1776 1840 nos
1820 1776 2296 1860 proposuimus,

276 1886 422 1930 cum
473 1863 738 1929 illorum
791 1865 1195 1948 testimonia,
1249 1867 1393 1928 tum
1446 1864 1634 1929 istius
1690 1863 2105 1930 taciturnitas
2156 1886 2295 1950 per-

172 2010 256 2074 32
275 1953 905 2108 ΡθωΗῆιιξιῗΠΙίιίιῙιΞῗιΐιὶἱῬ
910 2044 1217 2144 parcetis
1268 2042 1498 2128 igitur,
1553 2041 1824 2124 iudices,
1878 2042 2056 2107 cuius
2103 2045 2296 2107 tanta
2323 2062 2378 2102 zo

149 2180 156 2187 .
210 2089 543 2214 lpeccata
580 2134 751 2214 sunt,
793 2135 870 2195 ut
904 2131 970 2213 ii,
1017 2131 1250 2213 quibus
1287 2130 1558 2194 iniurias
1596 2130 1842 2213 fecerit,
1883 2151 2088 2213 neque
2135 2129 2295 2214 legi-

274 2218 507 2282 timum
562 2222 818 2301 tempus
878 2222 1215 2300 expectare
1271 2217 1351 2282 ad
1407 2218 1845 2284 ulciscendum
1899 2239 2107 2302 neque
2160 2217 2295 2283 vim

274 2308 531 2369 tantam
560 2305 851 2369 doloris
831 2327 901 2369 m
927 2308 1264 2389 posterum
1298 2306 1552 2372 differre
1589 2307 1966 2390 potuerint?
2014 2305 2294 2372 Circum-

277 2412 494 2456 sessus
533 2413 618 2456 es,
691 2394 773 2465 Α,
801 2393 1079 2477 quibus?
1152 2395 1213 2458 A
1259 2393 1739 2478 Lampsacenis.
1819 2393 2131 2460 Barbaris
2177 2394 2294 2459 hoss

275 2478 587 2563 minibus,
649 2479 867 2563 cred0,
930 2484 1044 2546 aut
1103 2481 1214 2566 iis,
1278 2482 1390 2566 qui
1443 2484 1670 2567 populi
1723 2482 2004 2548 Romani
2055 2503 2294 2546 nomen
2319 2499 2371 2542 ιε

274 2571 779 2634 contemnerent.
851 2569 1061 2634 Immo
1100 2592 1252 2636 vero
1292 2571 1374 2635 ab
1417 2570 1789 2636 hominibus
1836 2575 1903 2635 et
1944 2573 2181 2635 natura
2227 2574 2296 2634 et

274 2656 735 2723 consuetudine
774 2660 839 2722 et
881 2658 1221 2743 disciplina
1265 2656 1636 2742 lenissimis,
1680 2680 1877 2743 porro
1923 2662 2139 2723 autem
2186 2679 2295 2743 po·

273 2745 414 2830 puli
458 2745 740 2811 Romani
786 2746 1158 2812 condicione
1205 2748 1398 2812 sociis
1407 2798 1425 2831 ,
1480 2748 1746 2812 fortuna
1793 2748 2025 2829 servis,
2070 2746 2293 2811 volun-

273 2837 411 2898 tate
441 2834 868 2919 supplicibus3
904 2838 978 2900 ut
1008 2836 1422 2920 perspicuum
1460 2835 1549 2899 sit
1584 2836 1905 2918 omnibuS,
1940 2835 2069 2900 nisi
2105 2837 2293 2899 tanta

273 2921 643 2988 acerbitas
623 2924 916 3007 miuriae,
951 2927 1142 2988 tanta
1169 2923 1268 2988 vis
1299 2924 1560 2988 sceleris
1595 2923 1847 3006 fuisset,
1884 2926 1958 2987 ut
1985 2923 2292 3007 Lampsa·
2318 2940 2369 2981 so

163 3041 181 3054 ..
273 3011 414 3075 ceni
470 3011 874 3076 moriendum
930 3011 1055 3076 sibi
1110 3013 1329 3094 potius
1388 3033 1582 3096 quam
1637 2973 2127 3096 perpetiendum
2181 3033 2293 3096 pu-

273 3103 517 3183 tarent,
579 3121 937 3183 numquam
999 3099 1153 3163 illos
1216 3099 1287 3162 in
1351 3121 1498 3200 eum
1519 3187 1532 3201 .
1562 3099 1776 3201 locum
1831 3119 2292 3185 progressuros

169 3284 234 3331 82
272 3276 471 3340 tionis
511 3278 691 3340 metu
726 3278 1155 3341 moverentur.
1217 3274 1462 3358 Nolite,
1505 3297 1622 3360 per
1669 3276 1822 3341 deos
1868 3275 2295 3358 immortales,

274 3383 503 3447 cogere
541 3363 751 3427 socios
790 3367 986 3448 atque
1023 3366 1278 3428 exteras
1317 3326 1615 3429 nationes
1660 3364 1785 3429 hoc
1830 3364 1929 3428 uti
1974 3363 2371 3449 perfugio,⁸5

275 3469 432 3532 quo,
474 3449 604 3514 nisi
639 3472 755 3516 vos
800 3451 1173 3535 vindicatis,
1218 3455 1485 3516 utentur
1518 3452 1915 3518 necessario!
1986 3452 2295 3536 Lampsa-

274 3556 465 3600 cenos
503 3537 573 3600 in
608 3538 809 3603 istum
843 3561 1197 3624 numquam
1233 3541 1373 3606 ulla
1409 3561 1512 3605 res
1549 3540 1939 3626 mitigasset,
1978 3540 2109 3605 nisi
2146 3561 2295 3604 eum
