2566 4016
323 227 452 292 180
925 224 1002 280 IN
1043 224 1100 280 C.
1131 223 1439 279 VERREM
1477 223 1636 280 ACT.
1676 223 1740 278 11.

317 371 538 459 potius
557 393 689 437 non
706 369 900 436 modo
923 367 1028 434 his
1052 370 1476 455 temporibuS,
1505 368 1616 434 sed
1639 368 1839 433 etiam
1862 365 2035 452 apud
2057 365 2340 432 maiores

316 460 625 526 nostros?
689 459 833 543 quis
897 464 1037 524 tam
1095 462 1385 523 remotus
1439 456 1566 522 fuit
1621 480 1660 522 a
1715 454 2117 541 cupiditate?
2198 452 2343 538 Dic,

322 570 587 633 quaeso,
651 552 893 630 cetera3
957 545 1238 611 delectat
1302 546 1472 611 enim
1532 567 1636 611 me
1690 544 1974 610 hominis
2030 542 2343 629 gravitas,

320 638 593 704 scientia
627 635 806 719 iuriS,
843 635 1217 699 auctoritas.
1278 634 1523 699 Recita.
1588 633 1718 709 QUI
1754 650 1844 698 ΑΒ
1872 632 1951 697 Α.
1978 629 2341 697 Pos'rmno

321 725 395 802 Q.
430 724 696 790 FULVIO
754 739 1184 788 CENSORIBUS
1240 740 1512 788 POSTVE
1565 740 1655 787 ΕΑ
1702 757 1790 768 -
1834 757 1922 767 --
1967 736 2177 784 FECIT
2225 736 2342 783 FE-
2370 737 2399 779 ε

218 823 316 874 107
357 830 579 878 OERIT.
634 810 838 876 ‘Fecit
863 805 1163 875 fecerit⁹?
1198 811 1344 894 quis
1378 832 1686 895 umquam
1716 808 1916 874 edixit
1942 808 2073 872 isto
2102 806 2341 872 modo?

321 902 466 985 quis
521 922 829 984 umquam
882 898 1018 963 eius
1064 899 1159 963 rei
1203 897 1498 964 fraudem
1544 902 1659 962 aut
1704 897 2063 983 periculum
2107 917 2340 980 propo·

321 989 454 1054 suit
491 989 720 1069 edict0,
756 1008 920 1070 quae
955 1008 1166 1070 neque
1201 991 1356 1070 post
1394 986 1675 1052 edictum
1711 984 2096 1070 reprehendi
2130 1005 2340 1067 neque

212 1081 301 1147 42
322 1082 473 1142 ante
510 1077 790 1142 edictum
826 1074 1148 1159 provideri
1190 1075 1451 1160 potuit?
1531 1074 1699 1158 Iure,
1743 1073 2021 1159 legibus,
2065 1072 2341 1137 auctori·

321 1170 459 1231 tate
483 1166 797 1248 omnium,
826 1163 939 1248 qui
966 1164 1486 1245 consulebantur,
1511 1166 1980 1227 testamentum
2000 1159 2073 1225 P.
2087 1160 2340 1225 Annius
2373 1179 2427 1219 ιο

318 1254 563 1321 fecerat
622 1274 757 1318 non
816 1252 1193 1336 inprobum,
1251 1272 1386 1316 non
1446 1250 1909 1332 inofficiosum,
1962 1269 2094 1314 non
2154 1248 2339 1313 inhu-

321 1365 603 1408 manum.
667 1341 911 1417 Quodsi
948 1339 1045 1404 ita
1080 1339 1360 1424 fecisset,
1395 1344 1619 1405 tamen
1654 1344 1807 1424 post
1842 1338 2022 1402 illius
2059 1340 2339 1402 mortem

318 1430 487 1494 nihil
516 1429 593 1494 de
621 1430 1017 1493 testamento
1045 1427 1225 1492 illius
1252 1429 1408 1493 novi
1444 1428 1604 1492 iuris
1643 1426 1952 1493 constitui
1990 1429 2338 1510 oporteret.

317 1517 612 1582 Voconia
675 1517 780 1579 lex
841 1519 909 1579 te
972 1514 1272 1581 videlicet
1329 1516 1713 1582 delectabat.
1801 1514 2108 1579 Imitatus
2164 1534 2338 1578 esses

318 1606 536 1691 ipsum
561 1601 1142 1685 illumVoconium,
1180 1604 1292 1688 qui
1319 1605 1465 1689 lege
1494 1626 1611 1669 sua
1638 1603 2068 1668 hereditatem
2096 1601 2338 1666 ademit
2372 1618 2421 1660 ιε

317 1693 487 1758 nulli
520 1713 728 1776 neque
764 1690 1008 1777 virgini
1042 1712 1251 1775 neque
1289 1693 1566 1776 mulieri,
1612 1692 1829 1757 sanxit
1873 1692 1943 1755 in
1987 1694 2341 1775 posterum,

321 1782 432 1867 qui
484 1784 638 1866 post
684 1801 794 1845 eos
841 1783 1138 1845 censores
1185 1802 1413 1846 census
1462 1784 1660 1864 esset,
1716 1802 1797 1844 ne
1844 1779 1988 1864 quis
2035 1778 2337 1844 heredem

216 1880 316 1932 108
353 1870 676 1955 virginem
701 1890 861 1934 neve
899 1868 1236 1933 mulierem
1271 1869 1532 1935 faceret.
1596 1868 1673 1933 In
1714 1869 1861 1954 lege
1879 1867 2172 1933 Voconia
2206 1888 2339 1932 non

320 1963 422 2026 est
459 1959 689 2024 ‘FECIT
726 1955 1063 2040 FECERIT',
1097 1978 1306 2043 neque
1341 1958 1410 2023 in
1447 1959 1582 2025 ulla
1617 1956 2043 2043 praeteritum
2079 1961 2337 2042 tempus

316 2047 810 2134 reprehenditur
843 2047 972 2112 nisi
1010 2046 1146 2111 eius
1187 2049 1301 2131 rei,
1341 2068 1504 2131 quae
1541 2068 1660 2111 sua
1697 2050 1930 2132 sponte
1969 2047 2159 2126 [tam]
2199 2066 2336 2110 sce·
2365 2062 2418 2103 πο

319 2137 529 2201 lerata
575 2140 642 2200 et
684 2134 937 2199 nefaria
983 2138 1109 2217 est,
1163 2140 1266 2234 ut,
1321 2135 1581 2200 etiamsi
1623 2135 1729 2199 lex
1771 2154 1906 2199 non
1951 2139 2144 2217 esset,
2200 2154 2337 2196 ma-

318 2220 1278 2375 ffiiffssfflssssssssdiafssiffissa
1325 2223 2115 2397 ssssssufegffiussssuezsssse
2139 2221 2338 2374 53:

317 2398 387 2461 in
459 2397 765 2461 iudicium
835 2418 969 2462 non
1039 2401 1376 2483 vocentur3
1447 2397 1752 2465 Cornelia
1823 2397 2338 2480 testamentaria,

316 2484 711 2568 nummaria,
767 2489 1017 2550 ceterae
1072 2487 1441 2571 conplures,
1496 2488 1565 2552 in
1616 2488 1850 2573 quibus
1895 2507 2027 2552 non
2072 2487 2174 2551 ius
2223 2486 2338 2551 ali·
2366 2502 2417 2545 ss

320 2573 493 2658 quod
554 2594 795 2639 novum
858 2574 1101 2658 populo
1165 2576 1610 2658 constituitur,
1684 2575 1796 2641 sed
1857 2575 2169 2657 sancitur,
2243 2578 2338 2657 ut,

318 2663 490 2748 quod
546 2684 799 2747 semper
852 2662 1100 2727 malum
1147 2662 1400 2729 facinus
1447 2664 1669 2749 fuerit,
1725 2664 1862 2730 eius
1908 2663 2207 2749 quaestio
2254 2662 2336 2728 ad

215 2770 315 2822 109
352 2751 669 2837 populum
722 2750 1048 2835 pertineat
1102 2772 1179 2815 ex
1224 2757 1402 2818 certo
1449 2759 1759 2839 tempore.
1851 2751 1950 2816 De
1995 2753 2135 2816 iure
2180 2772 2333 2817 vero

317 2839 494 2905 civili
540 2839 597 2902 si
643 2840 788 2922 quis
833 2839 988 2904 novi
1034 2839 1188 2923 quid
1232 2840 1549 2924 instituit,
1593 2841 1651 2906 is
1697 2863 1830 2907 non
1876 2841 2122 2924 omnia,
2171 2860 2335 2924 quae

317 2930 469 2992 ante
517 2931 664 2992 acta
709 2932 888 3011 sunt,
933 2932 1080 2992 rata
1126 2949 1266 2993 esse
1311 2930 1644 3013 patietur?
1725 2929 1898 2996 Cedo
1946 2929 2109 2993 mihi
2154 2929 2336 3013 leges
2365 2943 2419 2986 ω

315 3015 596 3099 Atinias,
624 3014 873 3099 FuriaS,
899 3014 1149 3099 FusiaS,
1176 3017 1408 3101 ipsam,
1435 3022 1509 3082 ut
1538 3017 1688 3102 dixi,
1715 3016 2094 3100 Voconiam,
2124 3016 2337 3081 omnis

315 3108 654 3188 praeterea
683 3103 760 3180 de
792 3105 931 3169 iure
968 3104 1171 3188 civili3
1207 3105 1332 3171 hoc
1367 3106 1650 3191 reperies
1687 3106 1757 3170 in
1794 3106 2095 3171 omnibus
2135 3103 2339 3171 statui

314 3193 415 3256 ius
426 3243 443 3276 ,
491 3214 617 3276 quo
663 3195 817 3276 post
863 3214 1006 3257 eam
1052 3194 1265 3278 legem
1313 3195 1593 3279 populus
1639 3197 1881 3260 utatur.
1966 3193 2092 3270 Qui
2137 3192 2339 3278 pluri-

317 3302 493 3344 mum
519 3280 821 3346 tribuunt
857 3280 1085 3364 edicto,
1121 3283 1443 3367 praetoris
1482 3283 1764 3349 edictum
1799 3284 2015 3370 legem
2052 3303 2337 3348 annuam

317 3366 538 3431 dicunt
601 3390 766 3452 esse3
829 3373 904 3433 tu
968 3369 1178 3434 edicto
1241 3371 1391 3455 plus
1447 3371 1862 3457 amplecteris
1918 3393 2115 3457 quam
2171 3370 2337 3457 lege.
2366 3386 2420 3429 ³5

317 3449 387 3514 Si
431 3453 623 3552 finem
672 3456 879 3521 edicto
926 3458 1246 3541 praetoris
1295 3458 1595 3525 adferunt
1640 3458 1974 3525 Kalendae
2019 3459 2177 3542 Ian„
2222 3480 2340 3524 cur

315 3558 448 3603 non
502 3541 761 3606 mitium
817 3565 1071 3628 quoque
1127 3546 1320 3612 edicti
1372 3549 1662 3615 nascitur
1712 3572 1754 3616 a
1796 3543 2109 3615 Kalendis
2152 3546 2339 3613 Ian.‘?
