2566 4016
648 249 786 306 Lm.
822 249 877 303 11
939 249 1095 305 GAP.
1136 255 1347 307 as-vo
1384 256 1414 316 ἓ
1454 258 1749 309 163—169.
2079 253 2207 339 2531

189 417 380 481 quem
424 415 795 478 numerum,
849 415 1043 478 quem
1087 394 1379 459 ordinem
1423 395 1714 480 proferre
1758 417 2052 482 possum,
2100 398 2212 482 qui

184 489 252 551 te
321 505 463 550 non*
520 482 758 566 oderit,
830 482 967 547 sive
1029 481 1267 548 civium
1329 482 1773 550 Romanorum
1838 485 1973 550 sive
2038 483 2211 551 Sicu-

134 626 141 631 .
186 573 464 638 lorumP‘
524 576 626 655 ut3
709 571 969 636 etiamsi
1050 592 1307 655 causaS‚
1387 593 1500 637 cur
1571 576 1638 636 te
1721 571 2000 655 oderint,
2079 595 2213 640 non

186 661 436 747 possim
505 659 740 742 dicere5
805 663 1027 724 tamen
1087 659 1251 724 illud
1312 658 1649 726 dicendum
1702 665 1955 745 putem,
2019 683 2210 745 quem

135 767 160 808 5
190 769 418 815 omnes
460 748 773 812 mortales
818 747 1100 831 oderint,
1147 768 1295 813 eum
1339 749 1526 814 vobis
1573 771 1828 833 quoque
1874 749 2021 815 odio
2070 771 2214 815 esse

189 841 506 923 oporteret
594 835 703 900 Asn
756 836 881 900 hoc
928 835 1136 900 dicere
1183 835 1477 920 audebis,
1530 840 1755 902 utrum
1800 837 1877 901 de
1923 841 1991 902 te
2037 860 2175 903 ara·
2215 851 2314 900 167

186 931 388 1009 tores3
443 928 667 992 utrmn
721 923 1011 1007 denique¹
1039 922 1240 988 Siculi
1293 924 1582 990 universi
1630 925 1793 989 bene
1840 925 2214 991 existiment

189 1018 327 1078 aut*
356 1034 485 1097 quo
539 1011 735 1077 modo
787 1011 1188 1095 existiment,
1242 1012 1325 1076 ad
1370 1033 1508 1077 rem
1553 1012 1621 1077 id
1664 1034 1798 1078 non
1842 1014 2211 1097 pertinere?

187 1100 413 1185 Neque
455 1105 532 1166 tu
583 1100 709 1165 hoc
755 1098 991 1164 dicere·
1010 1099 1306 1183 audebis,
1348 1122 1493 1185 nec,
1551 1100 1606 1166 si
1652 1101 1908 1185 cupias,
1962 1100 2212 1186 licebit;

105 1209 159 1248 10
189 1190 472 1273 eripiunt
526 1189 698 1253 enim
745 1187 871 1252 tibi
915 1188 1115 1253 istam
1160 1189 1523 1253 orationem
1570 1189 2211 1269 [contemnendorum

96 1278 119 1286 “
188 1274 552 1342 Siculorum
580 1281 775 1360 atque
803 1278 1162 1357 aratorum]
1194 1279 1452 1342 statuae
1479 1277 1633 1341 illae
1664 1282 2015 1361 equestres,
2052 1300 2211 1361 quas

186 1371 263 1430 tu
308 1365 503 1450 paulo
551 1369 719 1443 ante,
765 1385 960 1450 quam
1007 1364 1091 1428 ad
1134 1364 1366 1429 urbem
1409 1365 1679 1448 venires,
1723 1366 1882 1449 poni
1920 1366 2212 1430 inscribi-

189 1474 314 1537 que
377 1452 652 1536 iussisti,
715 1457 792 1517 ut
855 1451 1145 1518 omnium
1206 1453 1579 1536 iniquorum
1640 1457 1902 1519 tuorum
1959 1454 2211 1521 animos

189 1545 765 1624 accusator-umque
816 1541 1130 1607 tardares.
1231 1540 1392 1617 Quis
1447 1541 1619 1607 enim
1673 1542 1797 1606 tibi
1860 1542 2175 1608 molestus
2216 1554 2314 1606 168

101 1647 158 1689 15
189 1635 360 1696 esset
406 1634 523 1695 aut
566 1629 711 1714 quis
758 1629 1091 1714 appellare
1137 1629 1429 1714 auderet,
1473 1651 1619 1695 cum
1664 1630 1914 1696 videret
1958 1634 2211 1696 statuas

189 1720 272 1785 ab
315 1717 867 1804 negotiatoribus,
922 1718 1006 1781 ab
1053 1718 1449 1800 aratoribus,
1497 1740 1537 1781 a
1582 1719 1908 1784 communi
1953 1715 2213 1783 Siciliae

187 1807 484 1892 positas?
560 1805 746 1881 Quod
776 1809 879 1870 est
923 1805 1100 1869 aliud
1135 1805 1206 1869 in
1239 1805 1361 1870 illa
1395 1806 1730 1890 provincia
1766 1827 1970 1891 genus
2006 1806 2213 1871 homi·

186 1895 388 1959 num?
452 1891 742 1958 Nullum.
806 1893 988 1979 Ergo
1022 1893 1107 1958 ab
1134 1893 1444 1957 universa
1461 1893 1799 1977 provincia
1826 1893 2212 1978 generatim·
2338 1948 2346 1955 .

188 2005 313 2069 que
361 2005 400 2047 a
446 1982 721 2069 singulis
768 1982 905 2047 eius
949 1981 1246 2066 partibus
1291 2001 1425 2046 non
1470 1981 1683 2047 solum
1730 1981 2054 2066 diligitur,
2100 1981 2222 2046 sed¹

96 2091 158 2131 20
188 2074 386 2137 etiam
445 2075 731 2136 ornatur.
825 2069 987 2146 Quis
1038 2070 1210 2135 hunc
1270 2070 1595 2155 attingere
1642 2069 1876 2135 audeat
1890 2069 1924 2133 ‘2
2013 2070 2211 2136 Potes

185 2161 391 2246 igitur
420 2159 643 2225 diceres
659 2158 826 2224 nihil
860 2158 986 2223 tibi
1022 2158 1253 2223 obesse
1290 2162 1591 2242 oportere
1629 2162 1978 2242 aratorum,
2013 2179 2211 2244 nego-

185 2249 521 2331 tiatorum,
549 2245 1040 2331 Siculorumque
1069 2246 1360 2312 omnium
1389 2245 1785 2330 testimonia,
1813 2268 1957 2311 cum
1988 2268 2214 2312 eorum

187 2335 571 2401 nominibus·
607 2336 679 2399 in
723 2339 1101 2401 statuarum*
1134 2334 1557 2419 inscriptione
1595 2335 1915 2421 oppositis
1953 2357 2211 2402 omnem

188 2428 257 2488 te
313 2424 596 2508 speraris
650 2423 966 2490 invidiam
1020 2428 1216 2509 atque
1261 2422 1602 2488 infamiam
1645 2428 1827 2489 tuam
1871 2446 2064 2508 posse
2111 2447 2212 2490 ex-

91 2529 153 2571 25
187 2512 490 2598 tinguere
499 2513 544 2578 ‘?·
599 2532 711 2597 an,
775 2533 1059 2597 quorum*
1114 2515 1190 2576 tu
1253 2512 1642 2577 auctoritate
1705 2515 1960 2578 statuas
2025 2513 2216 2579 coho-

184 2605 457 2665 nestare*
502 2606 671 2667 tuas
709 2604 981 2666 conatus
1037 2620 1134 2683 es,
1198 2620 1422 2664 eorum
1477 2621 1600 2685 ego
1657 2599 1978 2685 dignitate
2034 2623 2214 2667 accu-

188 2689 512 2752 sationem
555 2708 770 2752 meam
817 2688 1240 2773 comprobare
1282 2708 1419 2752 non
1461 2688 1736 2771 potero?

321 2771 471 2836 Nisi
508 2773 700 2858 forte,
747 2777 917 2859 quod
954 2777 1123 2861 apud
1167 2776 1549 2859 publicanos
1596 2776 1927 2861 gratiosus
1970 2774 2177 2857 fuisti,
2215 2787 2316 2837 169

186 2862 258 2927 in
315 2881 393 2926 ea
448 2880 519 2924 re
575 2881 722 2945 spes
778 2867 845 2927 te
897 2865 1119 2948 aliqua
1163 2863 1555 2929 consolatur.
1645 2862 1823 2939 Quae
1871 2861 2086 2948 gratia
2132 2883 2213 2927 ne

83 2970 153 3012 so
188 2948 348 3035 quid
388 2947 515 3012 tibi
559 2948 865 3033 prodesse
909 2956 1160 3036 posset,
1205 2974 1329 3038 ego
1376 2973 1523 3017 mea
1568 2950 1911 3036 diligentia
1952 2948 2213 3033 perfeci,

184 3042 267 3103 ut
333 3036 533 3101 etiam
601 3036 841 3101 obesse·
895 3040 1183 3123 deberet,
1249 3044 1325 3104 tu
1388 3042 1503 3104 tua
1567 3038 1888 3123 sapientia
1951 3038 2212 3103 curasti.

185 3125 453 3193 Etenim
508 3146 647 3190 rem
702 3129 940 3211 totam,
991 3128 1264 3211 iudices,
1317 3127 1605 3193 breviter
1654 3126 2043 3212 cognoscite.
2132 3124 2213 3198 In
2234 3131 2317 3197 70

188 3215 515 3300 scriptura
561 3212 821 3279 Siciliae
874 3236 995 3299 pro
1050 3216 1370 3299 magistro
1427 3219 1527 3280 est
1573 3215 1836 3300 quidam
1881 3213 1953 3279 L.
1992 3212 2214 3298 Carpi-

184 3303 434 3387 natiu8‚
501 3302 613 3387 qui
668 3306 737 3367 et
789 3301 889 3367 sui
945 3306 1254 3386 quaestus
1310 3303 1530 3387 causa,
1585 3307 1651 3368 et
1702 3302 1984 3368 fortasse
2042 3302 2215 3387 quod

77 3410 148 3452 35
188 3391 512 3457 sociorum
550 3392 865 3457 interesse
901 3389 1367 3476 arbitrabatur,
1412 3391 1577 3456 bene
1612 3391 1870 3476 penitus
1906 3392 1976 3456 in
2019 3391 2211 3457 istius

183 3478 706 3545 familiaritatem
762 3501 901 3545 sese
959 3478 1151 3544 dedit.
1241 3477 1310 3544 Is
1364 3501 1510 3545 cum
1555 3483 1926 3564 praetorem
1970 3480 2211 3547 circum

190 3566 413 3631 omnia
435 3566 583 3633 fora
617 3572 974 3634 sectaretur
1009 3590 1217 3655 neque
1256 3569 1339 3633 ab
1376 3591 1452 3635 eo
1490 3590 1799 3655 umquam
1838 3569 2212 3652 discederet,
