2566 4016
199 414 267 463 69

304 256 402 319 22·
839 255 983 312 PRO
1021 255 1081 311 P.
1121 254 1469 321 QUINCTIO
1508 254 1795 310 ORATIO.

441 400 636 466 ‘Erat
695 400 867 465 enim
879 399 918 483 ⁹,
981 400 1221 484 inquit,
1286 398 1577 464 ‘illarum
1630 398 1958 484 partium?
2042 398 2323 476 Quidni?

306 490 415 573 qui
454 489 627 573 apud
662 492 729 553 te
768 494 939 554 esset
977 488 1270 572 e‘ductus;
1317 508 1510 572 quem
1550 491 1625 551 tu
1671 510 1711 552 a
1754 508 1956 573 puero
2004 489 2098 554 sic
2141 490 2326 555 insti-

304 578 570 660 tuisseS,
634 580 709 641 ut
760 576 969 642 nobili
1021 598 1102 641 ne
1159 575 1513 662 gladiatori
1567 575 1825 660 quidem
1878 575 2146 644 faveret.
2238 577 2326 664 Si,

306 666 476 749 quod
514 669 590 730 tu
636 686 890 749 semper
928 685 1176 729 summe
1218 664 1473 747 cupisti,
1517 664 1687 728 idem
1733 664 2002 729 volebat
2029 664 2326 750 Alfenus,

306 775 382 817 ea
437 775 505 817 re
558 752 684 817 tibi
738 775 884 819 cum
940 774 1015 817 eo
1068 774 1191 836 par
1237 752 1566 828 contentio
1612 773 1745 816 non
1791 753 1976 817 erat?
2059 751 2324 840 ‘Bruti',
2351 776 2378 814 5

304 842 544 925 inquit,
602 840 774 905 ‘erat
826 840 1198 922 familiaris3
1260 840 1484 923 itaque
1539 840 1596 903 is
1649 840 2134 907 intercedebat?
2224 842 2325 907 Tu

306 933 532 994 contra
593 928 921 1012 Burrieni,
995 928 1106 1012 qui
1178 927 1485 992 iniuriam
1548 928 1959 1012 decernebat,
2033 930 2323 995 omnium

307 1017 580 1101 denique
608 1017 891 1100 illorum,
929 1016 1040 1100 qui
1066 1020 1209 1080 tum
1242 1019 1309 1080 et
1345 1019 1652 1100 poterant
1685 1037 1804 1100 per
1838 1017 1974 1081 vim
2011 1021 2077 1082 ct
2113 1018 2320 1083 scetus

304 1105 659 1188 plurimum
700 1108 784 1189 et,
831 1105 1004 1189 quod
1046 1108 1373 1189 poterant,
1417 1103 1485 1167 id
1531 1104 1873 1169 audebant.
1944 1104 2050 1168 An
2095 1126 2319 1170 omnes

304 1198 379 1257 tu
415 1193 579 1258 istos
614 1193 870 1258 vincere
907 1192 1193 1276 volebas,
1238 1192 1351 1276 qui
1386 1213 1573 1274 nunc,
1619 1195 1694 1256 tu
1730 1196 1805 1257 ut
1845 1192 2088 1277 vincas,
2128 1197 2318 1259 tanto
2348 1212 2403 1251 10

307 1302 500 1366 opere
536 1282 884 1346 laborant?
948 1279 1134 1345 Aude
1168 1279 1237 1345 id
1273 1280 1482 1345 dicere
1522 1301 1654 1345 non
1699 1281 1940 1365 palam,
1985 1280 2098 1345 sed
2140 1280 2325 1367 ipsis,

202 1381 270 1431 70
308 1391 470 1453 quos
501 1368 849 1435 advocasti.
903 1368 1193 1433 Tametsi
1220 1369 1374 1433 nolo
1404 1389 1548 1433 eam
1580 1389 1717 1433 rem
1757 1369 2323 1435 commemorando

306 1478 645 1540 renovare,
709 1457 917 1522 cuius·
954 1457 1217 1522 omnino
1272 1456 1368 1520 rei
1424 1456 1804 1522 memoriam
1859 1478 2118 1522 omnem
2170 1458 2324 1523 tolli

201 1532 287 1596 22
307 1544 597 1610 funditus
676 1566 752 1609 ac
829 1544 1029 1609 deleri
1106 1544 1393 1609 arbitror
1473 1548 1802 1628 oportere3
1883 1567 2083 1610 unum
2158 1544 2324 1611 illud

199 2429 264 2478 71

308 1632 479 1720 dico:
528 1630 598 1697 Si
633 1636 902 1717 propter
936 1632 1225 1716 partium
1263 1631 1548 1698 studium
1585 1636 1820 1717 potens
1858 1637 2000 1699 erat
2027 1631 2322 1718 Alfenus,
2353 1648 2404 1691 ιδ

305 1721 799 1805 potentissimus
862 1720 926 1786 N
928 1720 1192 1804 aevius3.
1248 1722 1306 1785 si
1375 1719 1584 1785 fretus
1659 1720 1877 1806 gratia
1937 1722 2323 1806 postulabat

307 1809 552 1893 aliquid
587 1809 871 1893 iniquius
908 1807 1203 1892 Alfenus,
1248 1808 1457 1874 multo
1502 1809 1827 1893 iniquiora
1869 1808 2156 1876 Naevius
2199 1810 2322 1875 im-

302 1897 625 1981 petrabat.
716 1896 941 1981 Neque
1008 1897 1178 1962 enim
1236 1897 1409 1962 inter
1466 1898 1750 1962 studium
1804 1901 2096 1963 vestrum
2150 1898 2323 1983 quic-

303 2006 529 2071 quam,
585 1989 660 2051 ut
709 1986 966 2071 opinor,
1020 1984 1345 2069 interfuit3
1398 1985 1659 2072 ingenio
1669 2036 1687 2070 ,
1741 1989 2109 2065 venustate,
2163 1986 2322 2052 arti-

301 2075 449 2140 ficio
486 2078 559 2140 tu
595 2074 788 2140 facile
823 2075 1058 2141 vicisti.
1128 2073 1223 2138 Ut
1268 2074 1398 2139 alia
1444 2074 1765 2159 omittam,
1809 2074 1934 2139 hoc
1981 2074 2142 2139 satis
2190 2079 2319 2140 est:
2343 2089 2405 2134 '2⁰

302 2161 577 2228 Alfenus
616 2185 761 2227 cum
805 2162 887 2226 iis
936 2165 1001 2226 et
1046 2165 1316 2247 propter
1361 2182 1472 2227 eos
1516 2163 1729 2247 periit,
1776 2184 1937 2246 quos
1983 2161 2321 2250 diligebat,

302 2254 397 2333 tu,
440 2254 807 2334 postquam,
855 2250 967 2333 qui
1010 2249 1135 2313 tibi
1173 2253 1360 2314 erant
1406 2251 1614 2333 amici,
1657 2270 1790 2315 non
1834 2254 2139 2336 poterant
2184 2251 2322 2316 vin·

305 2357 473 2419 cere,
518 2342 594 2401 ut
638 2336 831 2402 amici
872 2337 999 2401 tibi
1046 2342 1290 2422 essent,
1337 2338 1448 2421 qui
1494 2339 1866 2421 vincebant,
1911 2339 2199 2405 effecisti.

438 2422 681 2499 Quodsi
744 2429 885 2490 tum
937 2447 1059 2509 par
1112 2425 1236 2491 tibi
1291 2427 1392 2492 ius
1450 2448 1595 2491 cum
1638 2425 1878 2491 Alfeno
1932 2426 2134 2493 fuisse
2187 2447 2321 2492 non

301 2515 515 2596 putaS,
553 2513 705 2596 quia
740 2516 963 2578 tamen
999 2514 1548 2599 aliquemcontra
1582 2519 1651 2579 te
1689 2515 2003 2581 advocare
2037 2520 2320 2601 poterat,
2348 2531 2401 2573 2⁵

304 2601 455 2685 quia
484 2601 910 2687 magistratus
941 2602 1142 2686 aliqui
1170 2602 1633 2687 reperiebatur,
1671 2603 1842 2688 apud
1879 2624 2070 2687 quem
2097 2602 2320 2668 Alfeni

302 2711 498 2755 causa
534 2689 933 2774 consisteret,
980 2691 1133 2775 quid
1178 2690 1305 2756 hoc
1349 2695 1643 2775 tempore
1680 2688 1979 2766 Quinctio
2028 2694 2319 2757 statuen-

302 2777 456 2843 dum
484 2779 628 2842 est?
673 2778 775 2844 cui
802 2800 1009 2862 neque
1039 2779 1468 2864 magistratus
1498 2778 1707 2843 adhuc
1735 2800 1976 2864 aequus
2014 2780 2320 2845 inventus

301 2870 402 2931 cst
455 2887 663 2950 neque
716 2866 1025 2932 iudicium
1076 2867 1401 2932 redditum
1453 2870 1553 2931 est
1598 2866 1942 2951 usitatum,
1995 2889 2129 2934 non
2172 2888 2320 2933 con-

300 2954 492 3039 dicio,
546 2976 679 3019 non
733 2955 1022 3039 sponsio,
1074 2976 1209 3020 non
1267 2954 1540 3039 denique
1585 2955 1723 3019 ulla
1767 2977 2078 3039 umquam
2122 2955 2319 3021 inter·
2347 2971 2404 3014 ao

299 3043 495 3107 cessit
530 3043 911 3127 postulatio,
949 3044 1142 3108 mitto
1182 3065 1406 3126 aequa,
1447 3064 1672 3107 verum
1711 3047 1861 3107 ante
1898 3043 2022 3109 hoc
2057 3048 2325 3129 tempus

297 3152 380 3194 ne
415 3130 613 3196 fando
655 3131 915 3215 quidem
953 3130 1190 3196 audita.
1262 3129 1362 3195 De
1404 3151 1475 3195 re
1520 3131 1891 3216 pecuniaria
1934 3133 2125 3217 cupio
2172 3152 2321 3197 con·

297 3219 579 3283 tendere.
623 3255 713 3265 —
758 3219 932 3284 ‘Non
967 3218 1161 3284 licet?
1214 3254 1291 3265 —
1343 3217 1436 3283 At
1473 3239 1548 3284 ea
1586 3219 2029 3285 controversia
2066 3224 2182 3285 est.
2231 3256 2319 3267 —

299 3303 515 3370 ‘Nihil
572 3306 654 3370 ad
708 3329 812 3372 me
868 3307 1130 3389 attinet3
1186 3328 1450 3372 causam
1505 3307 1737 3391 capitis
1791 3307 1965 3374 dicas
2013 3307 2318 3392 oportet?

299 3428 377 3440 —
427 3393 697 3479 Accusa,
743 3395 856 3460 ubi
891 3396 988 3460 ita
1023 3416 1283 3460 necesse
1327 3398 1444 3460 est.
1492 3431 1577 3442 —
1626 3394 1843 3479 ‘Non',
1886 3396 2120 3480 inquit,
2167 3395 2320 3460 ‘nisi
2349 3411 2405 3454 ³⁸

294 3485 369 3545 tu
408 3483 557 3546 ante
594 3504 763 3548 novo
804 3483 993 3548 modo
1040 3483 1257 3569 priore
1306 3483 1449 3550 loco
1497 3482 1778 3550 dixeris.'.
1823 3521 1911 3531 —
1954 3483 2323 3549 Dicendum

291 3570 656 3635 necessario
705 3574 821 3635 est.
872 3606 950 3618 —
1000 3569 1546 3637 ‘Praestituentur
1591 3572 1791 3637 horae
1839 3571 1923 3636 ad
1969 3572 2321 3637 arbitrium
