2566 4016
307 204 434 269 168
580 243 588 250 ·
895 201 975 258 IN
1015 201 1074 258 C.
1103 200 1412 256 VERREM
1448 202 1606 257 ACT.
1645 203 1712 257 ΙΙ.

304 350 361 415 si
424 348 719 431 dixisset,
791 347 961 431 quod
1023 348 1150 412 iste
1212 346 1541 429 iussisset,
1601 367 1717 431 per
1781 346 2068 412 eiusdem
2130 346 2324 413 istius

304 437 566 502 lictores
606 460 646 502 a
680 436 924 521 populo
962 435 1304 520 pecuniam
1342 438 1567 519 posset
1613 435 1886 520 exigere.
1953 432 2119 500 Cum
2163 435 2325 501 haec

305 526 525 591 omnia
558 528 749 589 tanta
785 524 1219 607 contentione,
1262 523 1468 588 tantis
1515 522 1718 607 copiis
1765 526 2132 609 agerentur,
2177 545 2325 589 cum

302 614 491 679 illum
563 614 873 678 miserum
937 613 1130 678 multi
1198 615 1604 694 accusarent,
1673 633 1864 677 nemo
1934 610 2326 695 defenderet,

304 724 575 785 cumque
634 701 985 766 Dolabella
1049 722 1196 766 cum
1260 700 1396 764 suis
1461 698 1806 785 praefectis
1871 705 2198 785 pugnaret
2255 701 2324 766 in
2349 719 2376 759 5

304 790 595 873 consilio,
632 789 872 854 Verres
917 788 1215 854 fortunas
1264 788 1375 873 agi
1422 810 1572 854 suas
1620 788 1880 871 diceret,
1925 788 2096 856 idem
2143 789 2323 860 testi-

302 877 594 943 monium
641 877 909 961 diceret,
952 877 1124 943 idem
1170 880 1344 943 esset
1389 876 1461 941 in
1504 876 1805 960 consilio,
1850 876 2022 942 idem
2069 897 2322 948 accusa-

302 969 515 1030 torem
558 968 884 1051 parasset,
937 965 1099 1030 haec
1144 987 1292 1030 cum
1338 966 1561 1030 omnia
1603 965 1861 1048 fierent,
1908 968 1974 1029 et
2019 987 2166 1031 cum
2210 966 2322 1032 ho-

304 1054 545 1118 minem
618 1057 948 1119 constaret
1019 1053 1327 1137 occisum,
1404 1056 1628 1118 tamen
1697 1056 1887 1120 tanta
1956 1053 2057 1118 vis
2129 1053 2321 1120 istius

198 1192 284 1318 ἓξ)
302 1145 1010 1315 ffiffffsssfflzssss.
1040 1142 1615 1315 335201212533'533?
1668 1142 2210 1315 ffibssssssrfflo
2243 1142 2323 1294 ‘3¹3
2351 1160 2404 1199 ¹⁰

304 1318 513 1382 altera
551 1319 803 1383 actione
832 1317 950 1384 Gn.
966 1318 1353 1384 Dolabellae
1391 1317 1680 1401 spiritus,
1719 1318 1872 1402 quid
1908 1317 2101 1383 huius
2137 1303 2350 1383 laeti?

302 1428 442 1469 mas
482 1410 549 1470 et
585 1406 1108 1472 concursationes
1154 1405 1503 1490 proferam,
1550 1406 1705 1489 quid
1746 1404 1816 1471 O.
1850 1404 2150 1490 Neronis,
2195 1407 2321 1472 viri

303 1493 537 1576 optimi
583 1497 778 1576 atque
823 1494 1366 1577 innocentissimi,
1411 1515 1545 1560 non
1588 1494 1788 1562 nullis
1833 1494 1905 1559 in
1946 1495 2142 1560 rebus
2190 1495 2321 1560 ani-

303 1602 482 1645 mum
534 1580 807 1647 nimium
862 1582 1165 1647 timidum
1220 1586 1415 1667 atque
1472 1582 1866 1648 demissum?
1933 1583 2046 1666 qui
2088 1583 2158 1647 in
2202 1582 2321 1648 illa
2348 1599 2400 1640 15

300 1691 371 1734 re
428 1669 580 1753 quid
634 1669 846 1736 facere
899 1670 1215 1755 potuerit,
1268 1692 1401 1735 non
1455 1670 1771 1754 habebat,
1821 1671 1952 1736 nisi
1999 1670 2198 1755 forte,
2253 1671 2320 1735 id

304 1758 474 1841 quod
537 1779 760 1822 omnes
824 1761 965 1823 tum
1028 1758 1509 1842 desiderabant,
1571 1763 1646 1824 ut
1702 1762 1927 1845 ageret
1981 1781 2127 1825 eam
2180 1782 2319 1824 rem

302 1845 440 1910 sine
467 1845 672 1911 Verre
718 1850 785 1911 et
830 1847 970 1912 sine
1006 1846 1369 1912 Dolabella.
1445 1846 1762 1931 Quicquid
1810 1850 1985 1913 esset
2030 1848 2170 1912 sine
2214 1848 2319 1912 his

301 1938 537 2019 actum,
575 1957 798 2000 omnes
826 1937 1210 2021 probarent3
1244 1939 1389 2000 tum
1421 1957 1575 2000 vero
1614 1935 1786 2019 quod
1822 1936 2318 2022 pronuntiatum

301 2027 420 2107 est,
463 2046 597 2089 non
641 2047 758 2110 per
792 2023 1120 2091 Neronem
1164 2024 1539 2109 iudicatum,
1584 2025 1697 2089 sed
1742 2046 1859 2109 per
1898 2025 2317 2090 Dolabellam
2346 2042 2402 2082 ω

300 2115 592 2196 ereptum
632 2113 1149 2178 existimabatur.
1230 2111 1713 2179 condemnatur
1761 2113 1932 2183 enim
1975 2114 2317 2197 perpaucis

302 2200 639 2265 sententiis
694 2200 1117 2266 Philodamus
1182 2204 1249 2264 et
1312 2201 1449 2265 eius
1511 2201 1704 2266 filine.
1794 2199 2029 2284 Adest,
2090 2200 2320 2285 instat,

298 2292 493 2371 urget
542 2286 920 2370 Dolabella,
983 2291 1058 2352 ut
1123 2309 1320 2370 quam
1382 2289 1666 2373 primum
1721 2289 1930 2355 securi
1981 2288 2317 2373 feriantur,

300 2396 428 2456 quo
469 2395 664 2457 quam
700 2373 965 2439 minime
1000 2375 1194 2441 multi
1232 2398 1308 2442 ex
1351 2377 1486 2441 illis
1534 2376 1612 2441 de
1656 2378 1847 2443 istius
1891 2378 2141 2442 nefario
2190 2399 2317 2443 sce·

192 2484 259 2532 76
298 2462 431 2524 lere
495 2461 715 2526 audire
768 2468 1053 2546 possent.
1152 2462 1589 2530 Constituitur
1640 2465 1712 2530 in
1762 2465 1908 2532 foro
1961 2465 2318 2533 Laodiceae
2344 2481 2398 2522 2⁵

298 2551 740 2633 spectaculum
782 2553 1087 2628 acerbum
1133 2556 1199 2618 et
1244 2553 1555 2619 miserum
1601 2557 1668 2617 et
1711 2575 1911 2639 grave
1956 2553 2082 2618 toti
2116 2554 2317 2619 Asiae

294 2639 683 2722 provinciae,
712 2640 977 2726 grandis
1002 2644 1165 2706 natu
1190 2662 1428 2726 parens
1457 2641 1770 2708 adductus
1799 2642 1883 2706 ad
1909 2641 2318 2726 supplicium,

296 2749 373 2810 ex
401 2727 612 2792 altera
639 2732 828 2812 parte
871 2728 1073 2812 filius,
1118 2730 1261 2812 ille,
1308 2729 1481 2813 quod
1527 2729 1909 2814 pudicitiam
1941 2730 2317 2814 liberorum,

193 2854 200 2859 x
294 2815 427 2898 hic,
482 2816 655 2898 quod
707 2816 914 2881 vitam
967 2818 1173 2902 patris
1216 2817 1590 2902 famamque
1636 2818 1879 2883 sororis
1926 2818 2317 2884 defenderat.

291 2901 526 2969 Flebat
567 2908 838 2988 uterque
872 2926 1007 2970 non
1043 2905 1121 2970 de
1157 2927 1274 2971 suo
1313 2906 1652 2991 supplicio,
1699 2906 1810 2971 sed
1854 2911 2044 2991 pater
2081 2907 2158 2972 de
2194 2906 2317 2972 filii
2343 2920 2398 2962 ³⁰

292 2996 521 3075 morte,
548 2992 626 3057 de
653 2994 862 3078 patris
890 2994 1082 3060 filius.
1129 2992 1297 3069 Quid
1315 2994 1733 3061 lacrimarum
1750 2995 1968 3079 ipsum
1986 2995 2316 3062 Neronem

291 3081 541 3164 putatis
596 3081 1005 3165 profudisse?
1079 3103 1271 3165 quem
1315 3082 1541 3148 fletum
1595 3083 1801 3149 totius
1842 3083 2043 3151 Asiae
2095 3083 2318 3167 fuisse,

293 3189 481 3250 quem
511 3169 761 3234 luctum
800 3173 868 3234 et
903 3170 1219 3256 gemitum
1256 3170 1891 3255 Lampsacenorum?
1938 3173 2148 3239 securi
2174 3193 2318 3238 esse

289 3278 630 3339 percussos
657 3257 955 3324 homines
985 3258 1360 3324 innocentes
1396 3260 1672 3344 nobiles,
1699 3261 1909 3326 socios
1935 3261 2165 3346 populi
2192 3259 2318 3324 Ro-

291 3345 468 3408 mani
505 3348 700 3428 atque
738 3347 997 3430 amicos,
1029 3351 1298 3431 propter
1334 3347 1616 3413 hominis
1654 3348 2153 3435 flagitiosissimi
2191 3349 2319 3413 sin-
2345 3363 2404 3405 ³⁵

291 3430 587 3514 gularem
633 3434 992 3516 nequitiam
1036 3438 1232 3518 atque
1276 3436 1831 3519 improbissimam
1875 3437 2320 3522 cupiditatem.

185 3528 252 3576 ’17
421 3517 565 3582 Iam
608 3519 768 3602 iam,
795 3520 1195 3606 Dolabella,
1248 3545 1459 3608 neque
1504 3546 1608 3589 me
1652 3527 1753 3590 tui
1796 3547 2008 3610 neque
2051 3529 2322 3592 tuorum
