2566 4016
159 1402 220 1448 17

158 2325 221 2449 17

160 3243 224 3292 19

257 176 343 241 38
593 174 738 230 Pao
778 173 929 227 sex.
967 172 1225 228 aosmo
1263 173 1597 228 AMEamo
1638 173 1928 230 ORATIO.

256 320 580 406 proximo,
640 341 786 383 cum
842 316 1128 382 omnium
1171 316 1495 382 nobilium
1542 318 1826 404 dignitas
1875 324 1941 383 et
1987 321 2165 387 salus
2212 324 2284 389 in

258 408 602 474 discrimen
646 405 914 488 veniret,
959 407 1218 489 praeter
1263 408 1513 470 ceteros
1549 404 1620 470 in
1656 428 1733 470 ea
1767 406 2105 473 vicinitate
2134 431 2280 476 eam

257 500 514 581 partem
558 515 946 577 causamque
992 514 1208 577 opera,
1255 492 1490 576 studio,
1541 493 1930 560 auctoritate
1977 496 2282 565 defendit.

256 583 519 652 Etenim
538 587 786 648 rectum
805 580 1084 666 putabat
1101 602 1221 665 pro
1250 602 1475 646 eorum
1502 581 1843 646 honestate
1872 604 1942 648 se
1968 606 2280 671 pugnare,

256 676 525 757 propter
572 692 733 755 quos
779 670 918 754 ipse
963 668 1463 734 honestissimus
1498 669 1670 734 inter
1709 691 1859 736 suos
1896 674 2280 740 numeraba-
2307 703 2332 744 5

257 765 382 826 tur.
471 760 909 842 Posteaquam
953 757 1227 822 victoria
1270 758 1631 829 constituta
1676 762 1776 822 est
1822 758 1905 823 ab
1953 761 2280 847 armisque

257 847 659 930 recessimus,
695 868 841 911 cum
872 845 1431 932 proscriberentur
1455 845 1751 911 homines
1781 849 1976 931 atque
2005 870 2084 914 ex
2103 852 2281 916 omni

257 936 524 1022 regione
561 937 943 1020 caperentur
978 934 1045 1017 ii,
1083 933 1194 1017 qui
1232 933 1588 999 adversarii
1622 933 1824 999 fuisse
1861 936 2276 1021 putabantur,

260 1027 402 1088 erat
464 1023 578 1087 ille
642 1022 887 1088 Romae
946 1020 1247 1105 frequens
1314 1026 1509 1105 atque
1570 1022 1641 1086 in
1696 1021 1840 1088 foro
1907 1027 1973 1088 et
2033 1024 2102 1089 in
2165 1047 2275 1090 ore

260 1110 549 1178 omnium
582 1110 817 1176 cotidie
854 1110 1252 1193 versabatur,
1299 1110 1511 1195 magis
1548 1113 1624 1174 ut
1669 1111 1958 1176 exultare
2001 1112 2275 1178 victoria
2306 1142 2355 1183 ιο

257 1199 625 1278 nobilitatis
662 1199 989 1263 videretur
1027 1219 1224 1281 quam
1259 1198 1510 1280 timere,
1552 1219 1635 1262 ne
1673 1198 1828 1281 quid
1866 1220 1944 1263 ex
1988 1220 2063 1263 ea
2108 1202 2276 1266 cala-

260 1288 509 1353 mitatis
557 1286 685 1351 sibi
729 1286 1061 1352 accideret.

391 1374 603 1441 Erant
655 1374 716 1438 ei
766 1378 1017 1440 veteres
1070 1373 1449 1439 inimicitiae
1509 1396 1655 1440 cum
1712 1375 1970 1440 duobus
2024 1375 2279 1443 Rosciis

258 1462 606 1545 AmeriniS,
653 1483 926 1545 quorum
964 1462 1240 1526 alterum
1279 1462 1500 1527 sedere
1536 1462 1607 1526 in
1643 1467 2094 1529 accusatorum
2132 1466 2278 1530 sub-

262 1550 465 1616 selliis
519 1550 735 1632 video,
789 1549 1068 1614 alterum
1120 1550 1250 1614 tria
1305 1550 1569 1615 huiusce
1622 1551 1890 1635 praedia
1947 1552 2278 1636 possidere
2308 1579 2357 1621 ιε

261 1637 479 1720 audio3
527 1659 689 1721 quas
724 1636 1098 1702 inimicitias
1138 1638 1194 1701 si
1238 1642 1378 1702 tam
1423 1659 1650 1703 cavere
1694 1638 2035 1723 potuisset,
2083 1662 2279 1725 quam

260 1731 547 1793 metuere
583 1725 855 1809 solebat,
899 1725 1163 1790 viveret.
1234 1724 1460 1809 Neque
1503 1727 1692 1810 enim,
1737 1727 1997 1811 iudices,
2041 1727 2278 1793 iniuria

258 1815 607 1881 metuebat.
678 1812 851 1879 Nam
889 1814 1014 1878 duo
1050 1813 1164 1878 isti
1204 1818 1357 1878 sunt
1394 1813 1464 1877 Τ.
1492 1813 1711 1880 Roscii
1747 1812 2051 1900 (quorum
2089 1815 2282 1880 alteri

260 1901 565 1987 Capitoni
609 1923 968 1988 cognomen
1014 1906 1130 1985 est,
1175 1902 1320 1983 iste,
1367 1902 1477 1985 qui
1522 1902 1726 1986 adest,
1769 1902 2046 1988 Magnus
2094 1925 2282 1969 voca·

259 1988 399 2078 tur)
443 1991 740 2057 homines
788 1990 923 2056 eius
969 1990 1170 2056 modi:
1227 1991 1394 2055 alter
1437 1990 1865 2075 plurimarum
1909 1992 2279 2076 palmarum
2308 2020 2359 2059 αα

259 2084 447 2146 vetus
504 2102 578 2145 ae
630 2080 870 2145 nobilis
920 2078 1247 2164 gladiator
1292 2078 1599 2162 habetur,
1656 2079 1764 2144 hic
1810 2083 2026 2144 autem
2069 2101 2278 2164 nuper

262 2189 331 2233 se
394 2167 476 2233 ad
529 2190 675 2233 eum
721 2167 1030 2230 lanistam
1084 2167 1388 2250 contulit,
1446 2167 1672 2251 quique
1724 2172 1874 2232 ante
1936 2168 2104 2233 hanc
2165 2191 2279 2252 pu-

262 2277 462 2341 gnam
504 2255 633 2319 tiro
680 2257 869 2336 esset,
913 2254 1086 2337 quod
1132 2254 1349 2338 seiam,
1394 2253 1584 2320 facile
1629 2256 1843 2340 ipsum
1890 2256 2281 2342 magistrum

264 2343 502 2407 scelere
550 2341 942 2425 audaciaque
988 2343 1336 2426 superavit.
1408 2340 1582 2407 Nam
1627 2365 1774 2408 cum
1819 2344 1925 2408 hie
1971 2342 2113 2409 Sex.
2150 2343 2281 2409 Ro-

263 2430 433 2495 scius
489 2433 661 2494 esset
720 2429 1045 2507 Ameriae,
1099 2429 1170 2494 Τ.
1226 2435 1443 2495 autem
1497 2431 1623 2495 iste
1678 2431 1951 2497 Roscius
2014 2431 2281 2513 Romae,
2309 2458 2364 2500 25

261 2540 406 2584 oum
461 2517 568 2583 hie
621 2517 793 2583 filius
850 2518 1145 2583 assiduus
1199 2519 1269 2584 in
1321 2518 1604 2603 praediis
1660 2524 1833 2584 esset
1890 2541 2163 2604 cumque
2211 2541 2279 2584 se

259 2607 599 2672 voluntate
625 2606 832 2690 patris
860 2606 956 2670 rei
982 2606 1293 2672 familiari
1325 2607 1625 2691 vitaeque
1661 2608 1942 2673 rusticae
1979 2607 2282 2690 dedisset,

260 2695 402 2779 ipse
440 2698 660 2760 autem
693 2694 996 2779 frequens
1035 2694 1281 2761 Romae
1320 2699 1509 2779 esset,
1547 2694 1858 2761 occiditur
1895 2695 1976 2760 ad
2011 2694 2281 2761 balneas

259 2783 625 2848 Pallacinas
698 2783 949 2848 rediens
1007 2804 1046 2847 a
1100 2804 1257 2848 cena
1326 2780 1467 2847 Sex.
1531 2782 1823 2848 Roscius,
1922 2780 2124 2869 Spero
2202 2805 2283 2848 ex

258 2871 384 2937 hoc
427 2871 572 2955 ipso
618 2892 751 2936 non
795 2891 935 2936 esse
982 2870 1346 2953 obscurum,
1392 2870 1474 2935 ad
1520 2891 1710 2954 quem
1757 2871 2037 2955 suspicio
2083 2871 2278 2937 male·
2310 2895 2366 2936 so

259 2959 391 3025 ficii
434 2959 785 3044 pertineat3
831 2981 1054 3024 verum
1099 2958 1184 3042 id,
1231 2958 1404 3042 quod
1449 2959 1656 3024 adhuc
1698 2964 1798 3024 est
1834 2959 2281 3043 suspiciosum,

260 3046 386 3112 nisi
427 3047 838 3132 perspicuum
885 3067 988 3111 res
1033 3046 1179 3130 ipsa
1221 3045 1467 3130 fecerit,
1514 3047 1683 3112 hune
1731 3047 2007 3112 adfinem
2053 3048 2283 3131 culpae

259 3135 629 3201 iudicatote.

394 3221 621 3288 Occiso
651 3219 792 3287 Sex.
821 3221 1056 3287 Roscio
1084 3222 1337 3305 primus
1365 3221 1700 3288 Ameriam
1728 3223 1988 3288 nuntiat
2016 3221 2282 3286 Mallius

263 3308 534 3375 Glaucia
597 3310 886 3394 quidam,
948 3311 1145 3375 homo
1210 3309 1453 3393 tenuis,
1517 3310 1887 3393 libertinuS,
1951 3310 2151 3375 cliens
2219 3314 2285 3374 et
2316 3336 2371 3376 ³5

260 3396 603 3462 familiaris
645 3398 835 3462 istius
873 3397 943 3462 Τ.
980 3397 1194 3480 Rosci,
1241 3401 1308 3462 et
1350 3397 1613 3463 nuntiat
1660 3398 1924 3464 domum
1968 3408 2126 3463 non·
2145 3398 2286 3480 filii,

263 3485 376 3550 sed
414 3484 485 3550 Τ.
524 3483 859 3570 Capitonis
904 3485 1176 3568 inimici3
1223 3489 1290 3550 et
1337 3507 1482 3551 cum
1527 3489 1682 3570 post
1725 3486 1957 3551 horam
2003 3485 2289 3569 primam
