2566 4016
952 221 1108 278 CAP.
1147 225 1287 276 3--5
1326 227 1357 287 ἓ
1395 225 1586 277 8-16.
2190 223 2276 289 85

249 366 439 450 dicit,
503 365 675 449 quod
743 364 868 429 sibi
933 366 1018 431 ab
1084 365 1332 431 arbitro
1386 366 1732 431 tribuatur
1822 366 2052 452 Itaque
2108 370 2283 434 alter

248 475 485 521 causae
559 453 853 537 confidit,
926 454 1094 518 alter
1163 453 1415 519 diffidit.
1514 453 1691 530 Quae
1755 475 1902 520 cum
1964 456 2060 521 ita
2123 458 2272 542 sint,
2314 461 2379 511 12

250 562 493 628 quaero
540 542 658 607 abs
704 545 800 625 te,
857 541 1012 625 quid
1056 542 1153 606 ita
1199 542 1275 606 de
1322 543 1444 607 hac
1487 542 1789 627 pecunia,
1840 543 1918 607 de
1962 543 2067 608 his
2111 544 2273 629 ipsis

247 628 362 696 HS
417 646 575 696 1000
632 628 764 710 [de]
820 634 1082 694 tuarum
1136 630 1513 695 tabularum
1565 630 1692 696 fide
1738 630 2275 715 compromissum

196 739 224 779 5
250 718 502 795 feceriS,
542 717 863 783 arbitrum
890 719 1263 803 sumpseris,
1303 722 1616 802 quantum
1646 719 1913 803 aequius
1941 724 2009 784 et
2046 720 2273 785 melius

250 808 341 873 sit
378 805 521 871 dari
561 805 1077 890 repromittique,
1123 805 1216 872 818
1258 806 1544 891 petieris.
1609 806 1766 883 Quis
1811 808 1882 872 in
1925 808 2093 874 hanc
2135 828 2275 874 rem

245 895 378 960 fuit
416 893 706 959 arbiter?
770 892 1042 959 Utinam
1078 895 1136 958 is
1184 894 1440 979 quidem
1487 894 1734 960 Romae
1782 899 1978 961 esset!
2026 896 2273 963 Romae

247 986 371 1049 est.
452 980 725 1046 Utinam
782 981 1039 1046 adesset
1091 981 1161 1046 in
1213 982 1478 1048 iudicio!
1550 981 1775 1049 Adest.
1856 983 2130 1051 Utinam
2181 1008 2273 1051 se-

248 1071 436 1136 deret
490 1070 560 1134 in
613 1069 884 1135 consilio
931 1067 1001 1135 O.
1036 1069 1323 1136 Pisonis!
1395 1069 1546 1156 Ipse
1591 1069 1661 1137 O.
1698 1072 1851 1136 Piso
1899 1076 2017 1136 est.
2098 1072 2274 1138 Eun-

168 1179 221 1218 10
248 1160 483 1224 demne
541 1160 615 1223 tu
678 1158 997 1222 arbitrum
1053 1162 1119 1222 et
1176 1157 1453 1223 iudicem
1518 1159 1863 1223 sumebas?
1937 1159 2145 1224 eidem
2208 1165 2276 1225 et

247 1246 577 1312 infinitam
634 1245 1053 1331 largitionem
1097 1245 1483 1310 remittebas
1529 1249 1596 1309 et
1642 1245 1913 1310 eundem
1956 1247 2027 1310 in
2072 1267 2273 1332 angu-

250 1334 615 1401 stissimam
641 1333 994 1399 formulam
1022 1332 1391 1418 sponsionis
1419 1333 1894 1399 concludebas?
1952 1333 2110 1410 Quis
2138 1357 2274 1399 um·

252 1445 452 1507 quam
503 1422 587 1487 ad
632 1421 976 1505 arbitrum,
1007 1424 1341 1523 quantum
1385 1421 1603 1506 petiit,
1648 1425 1907 1487 tantum
1955 1423 2273 1489 abstulit?

249 1509 494 1593 Nem03
549 1514 866 1593 quantum
921 1509 1089 1574 8111111
1139 1510 1405 1594 aequius
1453 1514 1624 1575 esset
1669 1511 1796 1576 81111
1843 1511 2012 1595 dari,
2065 1513 2274 1596 petiit

170 1617 224 1659 15
249 1597 353 1665 De
392 1620 521 1682 quo
560 1597 822 1662 nomine
869 1597 951 1662 ad
995 1598 1320 1665 arbitrum
1367 1599 1580 1683 adisti,
1625 1600 1703 1664 de
1749 1621 1824 1664 eo
1872 1601 1954 1665 ad
1994 1563 2274 1666 iudicem

250 1685 518 1754 venisti!
620 1683 836 1751 Ceteri
899 1707 1044 1751 cum
1102 1686 1183 1751 ad
1240 1687 1520 1752 iudicem
1573 1709 1836 1753 causam
1892 1688 2275 1754 labefactari
2315 1701 2379 1750 13

254 1773 800 1856 animadvertunt,
837 1773 919 1838 ad
956 1774 1272 1839 arbitrum
1311 1774 1713 1861 confugiunt,
1758 1775 1865 1839 hic
1903 1776 1984 1840 ab
2025 1777 2272 1841 arbitro

256 1862 339 1935 ad
374 1861 650 1926 iudicem
686 1861 907 1925 venire
944 1865 1044 1927 est
1090 1864 1313 1926 ausus!
1363 1862 1475 1946 qui
1521 1883 1667 1927 cum
1714 1862 1790 1926 de
1835 1862 1960 1928 hac
2003 1863 2276 1945 pecunia

253 1949 626 2015 tabularum
670 1948 797 2013 fide
844 1948 1163 2014 arbitrum
1209 1949 1514 2033 sumpsit,
1563 1948 1875 2014 iudicavit
1920 1949 2046 2013 sibi
2089 1971 2274 2035 pecu-

172 2059 228 2101 20
254 2039 435 2104 1118111
481 2059 615 2103 11011
659 2037 895 2101 deberi.

386 2125 530 2191 Iam
586 2124 747 2190 duae
800 2127 1022 2209 partes
1078 2145 1310 2189 causae
1363 2126 1515 2188 sunt
1560 2122 1918 2207 confectae3
1974 2125 2275 2191 adnume-

255 2236 437 2295 rasse
476 2234 616 2278 sese
656 2216 876 2299 negat,
922 2233 1273 2297 expensum
1316 2212 1548 2277 tulisse
1592 2233 1726 2277 non
1771 2212 1944 2297 dicit,
1989 2235 2136 2278 cum
2180 2219 2275 2279 ta—

253 2303 448 2366 bulas
508 2322 642 2365 non
697 2300 948 2365 recitat.
1037 2299 1382 2384 Reliquum
1443 2303 1567 2380 est,
1629 2303 1704 2364 ut
1761 2300 2146 2386 stipulatum
2205 2325 2274 2368 se

256 2411 401 2455 esse
456 2388 657 2472 dicat3
710 2392 1048 2472 praeterea
1103 2389 1274 2454 enim
1330 2410 1518 2473 quem
1576 2389 1658 2454 ad
1710 2389 1975 2454 modum
2030 2396 2274 2458 certam

172 2494 231 2538 25
259 2477 599 2562 pecuniam
653 2479 872 2560 petere
924 2476 1163 2561 possit,
1221 2498 1356 2542 non
1414 2476 1683 2561 reperio,
1776 2474 2139 2563 Stipulatus
2204 2502 2272 2546 es
2309 2482 2353 2547 5

257 2601 346 2612 -
372 2564 505 2647 ubi,
542 2586 670 2648 quo
699 2563 820 2646 die,
858 2585 984 2648 quo
1012 2567 1322 2648 tempore,
1360 2585 1486 2647 quo
1522 2567 1909 2649 praesente?
1947 2567 2091 2650 quis
2130 2589 2274 2651 spo·

257 2614 561 2737 pondisse
612 2673 716 2716 me
763 2613 963 2716 dicit?
1034 2649 1263 2716 Nemo.
1354 2651 1482 2716 Hic
1525 2672 1648 2737 ego
1696 2652 1752 2716 si
1796 2653 1992 2718 finem
2035 2654 2273 2718 faciam
2313 2655 2380 2705 14

263 2740 535 2824 dicendi,
591 2739 751 2805 satis
806 2737 954 2803 fidei
1010 2742 1076 2803 et
1131 2739 1506 2824 diligentiae
1562 2761 1770 2825 meae,
1827 2741 1987 2806 satis
2042 2762 2273 2805 causae

262 2830 329 2892 et
392 2826 896 2910 controversiae,
960 2826 1120 2891 satis
1183 2826 1503 2892 formulae
1568 2830 1633 2892 et
1689 2829 2048 2914 sponsioni,
2113 2829 2273 2893 satis

175 2934 232 2976 80
253 2916 458 2981 etiam
521 2915 716 2980 iudici
778 2914 1008 2979 fecisse
1070 2915 1320 2998 videar,
1385 2936 1498 2979 cur
1563 2916 1910 2982 secundum
1969 2914 2274 2980 Roscium

255 3003 532 3070 iudicari
578 3003 824 3067 debeat.
905 3001 1187 3068 Pecunia
1230 3002 1441 3087 petita
1486 3008 1586 3068 est
1632 3006 1837 3087 certa3
1885 3025 2030 3068 cum
2077 3003 2275 3067 tertia

256 3096 446 3177 parte
483 3091 749 3176 sponsio
787 3090 964 3156 facta
1000 3094 1118 3155 est.
1190 3091 1370 3156 Haec
1404 3091 1675 3175 pecunia
1708 3111 1969 3156 necesse
2015 3094 2116 3154 est
2162 3095 2276 3156 aut

261 3180 416 3246 data
473 3181 588 3244 aut
643 3200 923 3264 expensa
966 3179 1105 3243 lata
1151 3182 1265 3244 aut
1313 3179 1627 3263 stipulata
1673 3178 1778 3244 sit.
1856 3178 2099 3243 Datam
2144 3200 2278 3244 non

260 3289 400 3333 esse
436 3265 724 3331 Fannius
762 3266 1123 3350 confitetur,
1170 3287 1516 3351 expensam
1562 3267 1768 3331 latam
1812 3287 1944 3330 non
1989 3287 2129 3331 esse
2176 3289 2276 3332 co·

176 3372 229 3414 35
259 3356 433 3421 dices
478 3353 688 3420 Fanni
743 3354 1154 3438 confirmant,
1210 3354 1591 3438 stipulatam
1644 3375 1778 3419 non
1831 3375 1970 3419 esse
2014 3354 2276 3420 tacitur-

255 3444 433 3508 nitas
471 3442 740 3508 testium
778 3442 1086 3508 concedit.
1168 3441 1336 3518 Quid
1377 3461 1533 3526 ergo
1582 3442 1724 3506 est?
1789 3440 1972 3517 Quod
2019 3446 2084 3508 et
2129 3465 2275 3509 reus
2316 3454 2383 3503 15

258 3530 317 3593 is
378 3534 504 3615 est,
563 3531 666 3597 8111
722 3534 787 3595 81
840 3530 1111 3615 pecunia
1165 3528 1498 3595 levissima
1543 3533 1610 3595 81
1655 3530 2048 3598 existimatio
2096 3553 2279 3598 sanc-
