2566 4016
245 206 373 272 142
836 203 915 261 m
952 183 1011 259 e.
1039 200 1349 258 VERREM
1383 201 1542 258 Aer.
1578 203 1648 257 11.

241 349 405 417 mihi
439 369 602 435 opus
637 351 829 432 esset,
871 350 1390 433 cognosceretur,
1433 346 1589 431 quid
1625 365 1749 432 ego
1793 346 1863 412 in
1907 345 2031 412 hac
2076 368 2261 414 accu-

242 438 494 505 satione
534 435 969 521 comparanda
1012 433 1590 519 constituendaque
1637 434 2106 520 elaborassem,
2149 458 2258 520 ve:

242 529 381 592 stra
440 546 595 591 vero
657 524 802 590 laus
865 523 1079 590 tenuis
1131 523 1327 607 plane
1379 526 1577 609 atque
1631 522 1933 607 obscura,
1994 523 2260 611 iudices,

171 626 205 675 3
241 616 434 680 esset.
513 610 744 698 Neque
777 611 903 680 hoc
939 633 981 677 a
1023 612 1209 678 vobis
1253 611 1536 695 populus
1580 609 1912 676 Romanus
1958 616 2261 696 expectat

239 723 449 786 neque
486 721 562 766 eo
598 703 820 785 potest
856 720 996 765 esse
1032 702 1394 783 contentus,
1438 700 1497 764 si
1538 698 2003 765 condemnatus
2050 701 2140 765 sit
2181 701 2258 786 is,
2285 720 2312 763 ⁵

244 791 355 875 qui
410 789 637 855 adesse
678 788 991 871 noluerit,
1048 790 1114 853 et
1159 787 1217 853 si
1259 788 1464 853 fortes
1509 786 1764 853 fueritis
1808 787 1880 852 in
1924 809 2019 872 eo,
2066 810 2259 873 quem

241 898 433 943 nemo
481 877 568 942 sit
613 897 810 942 ausus
855 874 1211 941 defendere.
1291 873 1503 941 Immo
1550 895 1703 941 vero
1750 874 1949 959 adsit,
1998 897 2258 961 respon-

243 965 421 1049 deat,
464 964 737 1030 summis
783 964 1042 1048 opibus,
1087 984 1342 1028 summo
1388 962 1604 1028 studio
1649 963 2258 1047 potentissimorum

241 1053 583 1122 hominum
608 1051 1007 1137 defendatur,
1042 1054 1249 1117 certet
1273 1070 1422 1116 mea
1447 1051 1791 1138 diligentia
1817 1073 1965 1118 cum
1989 1052 2255 1117 illorum

243 1141 534 1208 omnium
596 1140 976 1225 cupiditate,
1036 1144 1264 1205 vestra
1313 1139 1661 1240 integritas
1718 1160 1865 1205 cum
1917 1139 2094 1205 illius
2149 1161 2257 1224 pe-
2284 1169 2340 1209 ιο

243 1229 450 1313 cunia,
493 1228 762 1294 testium
798 1227 1167 1294 constantia
1201 1248 1350 1295 cum
1385 1227 1565 1293 ilhus
1600 1231 2028 1313 patronorum
2063 1228 2271 1306 minis

244 1321 442 1402 atque
465 1317 787 1401 potentia3
815 1319 956 1382 tum
982 1316 1239 1381 demum
1261 1315 1385 1381 illa
1409 1315 1630 1381 omnia
1656 1315 1829 1381 victa
1854 1315 2263 1401 videbuntur,

173 1416 208 1465 4
243 1427 392 1471 cum
444 1404 517 1469 in
578 1404 1058 1470 contentionem
1122 1408 1578 1488 certamenque
1639 1404 1961 1487 venerint3
2026 1406 2260 1470 absens

245 1493 304 1557 si
339 1492 466 1556 iste
502 1495 676 1557 esset
711 1491 1073 1574 damnatus,
1117 1512 1251 1556 non
1285 1495 1424 1556 tam
1461 1491 1588 1556 sibi
1624 1491 2026 1569 consuluisse
2063 1514 2260 1578 quam

167 1575 210 1639 2
244 1580 375 1646 invi
383 1579 552 1643 disse
607 1582 860 1644 vestrae
913 1578 1091 1643 laudi
1143 1578 1488 1645 videretur.
1576 1577 1805 1664 Neque
1859 1580 2031 1645 enim
2080 1580 2262 1646 salus
2289 1607 2341 1649 ιε

248 1667 389 1733 ulla
440 1666 538 1732 rei
586 1667 888 1751 publicae
944 1667 1153 1731 maior
1204 1666 1331 1733 hoc
1375 1671 1667 1751 tempore
1712 1667 1983 1751 reperiri
2024 1673 2262 1752 potest,

251 1777 447 1841 quam
468 1754 782 1840 populum
804 1753 1171 1820 Romanum
1205 1754 1587 1842 intellegere
1625 1755 1971 1841 diligenter
2005 1757 2261 1821 reiectis

250 1844 335 1910 ab
389 1846 764 1909 accusatore
815 1842 1135 1907 iudicibus
1190 1842 1428 1926 socios,
1483 1844 1688 1928 leges,
1742 1865 1882 1908 rem
1930 1844 2262 1927 publicam
2371 1901 2385 1914 .

250 1931 579 2002 senatorio
616 1931 889 1998 consilio
933 1930 1215 2000 maxime
1258 1952 1452 2015 posse
1498 1929 1776 2016 defendi,
1822 1951 2029 2017 neque
2073 1935 2263 1997 tanta

248 2020 533 2088 fortunis
577 2020 867 2086 omnium
909 2020 1227 2104 pernicies
1269 2022 1493 2104 potest
1537 2019 1840 2104 accidere,
1888 2042 2082 2105 quam
2128 2021 2261 2104 opi·
2288 2048 2345 2089 zo

246 2109 440 2175 nione
471 2108 722 2192 ¹populi
764 2107 1045 2173 Romani
1094 2107 1417 2172 rationem
1463 2108 1787 2192 veritatis,
1841 2107 2260 2194 integritatis,

178 2208 211 2256 5
247 2197 418 2282 fidei,
461 2195 799 2281 religionis
836 2194 918 2260 ab
955 2195 1080 2259 hoc
1116 2194 1342 2261 ordine
1383 2194 1756 2262 abiudicari.
1826 2195 2055 2281 Itaque
2099 2196 2265 2261 mihi

247 2284 499 2365 videor,
543 2282 812 2365 iudices,
856 2303 1165 2367 magnam
1202 2285 1268 2347 et
1314 2284 1597 2350 maxime
1641 2306 1907 2370 aegram
1951 2288 2020 2350 et
2061 2306 2265 2369 prope

250 2369 613 2455 depositam
647 2369 745 2434 rei
778 2369 1081 2453 publicae
1113 2373 1370 2454 partem
1415 2371 1775 2455 suscepisse
1819 2392 2027 2457 neque
2070 2372 2141 2438 in
2186 2393 2264 2438 eo

250 2457 463 2544 magis
501 2478 682 2522 meae
727 2478 923 2540 quam
965 2462 1223 2524 vestrae
1269 2459 1451 2524 laudi
1495 2460 2088 2545 existimationique
2136 2482 2264 2525 ser-
2290 2487 2345 2529 ns

248 2546 437 2612 visse.
510 2545 774 2611 Accessi
809 2546 983 2612 enim
1018 2547 1103 2612 ad
1137 2546 1448 2613 invidiam
1491 2546 1876 2614 iudiciorum
1920 2548 2265 2615 levandam

247 2634 919 2719 vituperationemque
971 2635 1360 2719 tollendam,
1417 2639 1517 2720 ut,
1572 2658 1718 2702 cum
1771 2635 1932 2703 haec
1985 2658 2091 2702 res
2145 2658 2266 2721 pro

247 2723 585 2789 voluntate
650 2723 877 2807 populi
938 2722 1217 2789 Romani
1283 2727 1459 2788 esset
1510 2723 1832 2807 iudicata,
1904 2725 2125 2809 aliqua
2186 2746 2267 2790 ex

247 2816 438 2896 parte
492 2833 637 2877 mea
690 2811 1034 2898 diligentia
1077 2811 1451 2877 constituta·
1482 2813 1837 2878 auctoritas
1881 2813 2265 2878 iudiciorum

248 2900 592 2983 videretur,
634 2898 683 2981 †
717 2903 1047 2983 postremo
1084 2905 1161 2965 ut
1196 2904 1370 2964 esset
1413 2899 1538 2965 hoc
1579 2900 1953 2985 iudicatum,
1997 2905 2074 2966 ut
2116 2901 2268 2966 finis
2294 2926 2352 2968 so

180 3007 213 3056 6
250 2987 598 3072 aliquando
636 2987 1008 3053 iudiciariae
1044 2987 1523 3053 controversiae
1559 2989 2080 3054 constitueretur.
2154 2988 2271 3054 Et-

250 3076 423 3141 enim
471 3076 611 3145 sine
654 3075 876 3159 dubio,
920 3074 1190 3159 iudices,
1231 3075 1305 3141 in
1349 3076 1472 3141 hac
1515 3097 1712 3141 causa
1755 3099 1834 3141 ea
1878 3099 1982 3142 res
2026 3076 2099 3141 in
2143 3076 2270 3141 dis·

250 3165 495 3230 crimen
554 3162 917 3247 adducitur3
979 3180 1128 3228 reus
1185 3168 1288 3229 est
1340 3164 1511 3229 enim
1565 3165 2091 3247 nocentissimus3
2157 3165 2272 3248 qui

248 3251 309 3316 si
362 3251 853 3336 condemnatur,
908 3251 1204 3317 desinent
1255 3251 1553 3317 homines
1607 3252 1815 3318 dicere
1859 3252 1964 3318 his
2015 3252 2271 3319 iudiciis

250 3339 589 3420 pecuniam
633 3339 990 3422 plurimum
1033 3360 1252 3423 posse3
1306 3340 1411 3404 sin
1454 3339 1843 3424 absolvitur,
1901 3339 2271 3407 desinemus
2302 3365 2364 3408 ιο

250 3444 373 3489 nos
416 3425 495 3488 de
539 3425 793 3491 iudiciis
837 3427 1309 3493 transferendis
1355 3448 1669 3493 recusare.

389 3510 681 3577 Tametsi
707 3514 786 3578 de
815 3515 1225 3580 absolutione
1250 3515 1444 3580 istius
1470 3536 1680 3600 neque
1706 3517 1847 3602 ipse
1879 3516 2013 3582 iam
2050 3522 2277 3601 sperat
