2566 4016
50 642 58 702 f

50 728 61 769 1

50 820 65 863 ι

50 910 66 953 ι

50 1069 68 1134 {a

50 1182 61 1225 t

56 1262 73 1310 t

51 1336 67 1393 ἷ

65 1358 74 1397 ...-

50 1450 74 1495 Ε

59 1538 74 1581 Ε

71 2341 81 2402 ,m
50 2251 82 2304 a
50 2161 82 2216 ⁸²?-
50 2073 82 2126 ’Βι
50 1807 82 2036 ’ᾏ-ἢἬ
50 1703 60 1764 '⁸‘
50 1632 66 1675 ’θ’

50 2880 83 2933 V:-
50 2610 83 2747 qast&
50 2523 78 2576 ‘a
50 2418 76 2486 ξ·-

50 3331 83 3646 {bbe‘f'
50 3009 84 3289 ἱξὲὲὶ·

732 167 866 222 LIB.
905 168 956 221 V
1013 168 1165 224 CAP.
1196 174 1406 224 27—29
1443 175 1474 234 s
1511 174 1736 224 68—73.
2113 170 2246 237 455

235 311 463 397 populi
522 311 665 376 fore
729 311 1204 395 suspicabatur,
1268 334 1413 378 cum
1467 314 1653 376 tanto
1707 312 1926 395 plures
1984 313 2247 380 abducti

240 404 455 463 essent
518 421 712 482 quam
775 399 1013 482 relicti3
1076 403 1345 485 propter
1406 399 1575 465 hanc
1636 420 1899 464 causam
1954 423 2099 466 cum
2153 403 2245 467 in-

239 487 560 551 stituisset
596 487 760 552 alios
798 487 928 552 alio
967 491 1257 571 tempore
1295 487 1662 588 producere,
1699 488 1973 551 tamen
1952 510 2023 552 1n
2057 493 2243 555 tanto

239 579 559 639 conventu
601 596 790 640 nemo
838 580 1004 659 erat,
1056 576 1213 660 quin
1255 575 1577 640 rationem
1622 597 2085 658 numerumque
2129 578 2245 642 ha-

176 677 210 718 5
237 662 421 727 beret
485 667 551 727 et
603 664 888 747 reliquos
940 686 1072 729 non
1125 662 1521 728 desideraret
1575 663 1814 747 solum,
1879 664 1992 727 sed
2047 664 2244 730 etiam

235 755 532 834 posceret
572 755 638 816 et
682 752 1028 837 flagitaret.
1093 749 1257 817 Cum
1303 772 1579 837 magnus
1624 773 1929 816 numerus
1975 751 2245 838 deesset,
2283 767 2348 816 72

236 842 377 902 tum
412 839 538 904 iste
574 839 770 905 homo
806 839 1093 905 nefarius
1131 841 1200 904 in
1238 861 1462 904 eorum
1499 839 1731 924 10011111,
1779 861 1940 924 quos
1981 839 2243 905 domum

237 947 421 991 suam
477 927 554 992 de
608 928 838 1011 piratis
890 928 1274 1012 abduxerat,
1332 927 1724 992 substituere
1771 932 1837 992 et
1884 928 2244 1013 subponere

234 1015 450 1097 coepit
494 1016 667 1079 cives
711 1014 1060 1099 RomanoS,
1107 1037 1268 1099 quos
1313 1016 1385 1080 in
1429 1036 1748 1080 carcerem
1796 1020 1988 1096 antea
2034 1017 2245 1082 conie-

67 1178 68 1181 ,
147 1120 209 1158 ιο
237 1106 440 1184 cerat3
488 1123 762 1184 quorum
799 1103 963 1167 alios
1002 1102 1408 1168 Sertorianos
1448 1103 1691 1167 milites
1735 1102 1937 1167 fuisse
1982 1105 2244 1170 insimu-

237 1189 420 1253 labat
476 1192 543 1252 et
598 1211 673 1252 ex
725 1189 1046 1274 Hispania
1096 1190 1406 1274 fugientis
1464 1191 1544 1256 ad
1591 1189 1879 1256 Siciliam
1937 1192 2244 1275 adpulsos

237 1297 377 1339 esse
442 1276 721 1359 dicebat,
786 1278 976 1361 81108,
1041 1278 1151 1361 qui
1206 1301 1247 1343 a
1308 1278 1741 1362 praedonibus
1807 1282 1992 1343 erant
2052 1279 2247 1364 eapti,

236 1385 382 1428 cum
453 1369 851 1430 mercaturas
921 1365 1207 1431 facerent
1279 1370 1393 1430 aut
1465 1366 1752 1450 aliquam
1825 1366 1909 1432 ob
1982 1389 2245 1433 causam

235 1452 638 1538 navigarent,
687 1475 804 1519 sua
838 1455 1176 1519 voluntate
1213 1476 1361 1519 cum
1395 1454 1627 1539 piratis
1664 1454 1865 1519 fuisse
1909 1457 2243 1541 arguebat.

147 1556 207 1597 1⁵
236 1538 464 1624 Itaque
504 1541 618 1606 alii
654 1542 824 1607 cives
863 1541 1159 1626 Romani,
1194 1564 1277 1607 ne
1316 1546 1874 1628 cognoscerentur,
1919 1544 2243 1628 capitibus

236 1629 563 1694 obvolutis
620 1651 653 1694 e
709 1652 961 1696 carcere
1008 1631 1089 1695 ad
1134 1631 1356 1714 palum
1404 1635 1599 1713 atque
1647 1631 1728 1694 ad
1772 1652 1994 1696 necem
2039 1633 2244 1716 rapie-

235 1717 500 1799 bantur,
563 1717 705 1800 alii,
768 1741 913 1783 cum
969 1741 1010 1783 a
1063 1719 1286 1783 multis
1338 1718 1586 1782 civibus
1641 1717 1954 1782 Romanis
2011 1740 2244 1804 cogno-

237 1808 584 1887 scerentur,
613 1806 695 1869 ab
725 1807 1036 1877 omnibus.
1054 1806 1564 1886 defenderentur,
1593 1805 1800 1868 securi
1826 1804 2242 1872 feriebantur.

235 1889 523 1966 Quorum
585 1912 707 1976 ego
771 1892 849 1956 de
919 1892 1336 1957 acerbissima
1398 1896 1608 1956 morte
1671 1892 2244 1977 crudelissimoque

143 1997 205 2039 20
235 1979 521 2045 cruciatu
595 1979 829 2063 dicam,
900 2002 1047 2045 cum
1120 2002 1265 2044 eum
1326 1979 1540 2046 10011111
1601 1982 1885 2046 tractare
1954 2001 2244 2067 coepero,

235 2072 300 2132 et
344 2067 441 2132 ita
487 2068 715 2151 dicam,
763 2072 855 2151 ut,
901 2069 959 2133 si
1004 2090 1107 2133 me
1150 2068 1222 2132 in
1265 2090 1344 2133 08
1389 2068 1809 2152 querimonia,
1856 2090 2050 2152 quam
2098 2092 2242 2135 sum

231 2156 573 2220 habiturus
640 2157 717 2219 de
776 2156 966 2220 istius
1025 2156 1408 2221 crudelitate
1463 2159 1531 2220 et
1584 2155 1662 2221 de
1717 2156 1953 2222 civium
2008 2156 2242 2222 Roma-

230 2265 464 2308 norum
517 2243 989 2330 indignissuma
1041 2249 1279 2327 morte,
1330 2266 1463 2309 non
1517 2245 1709 2309 modo
1763 2243 1961 2328 vires,
2015 2267 2240 2311 verum

234 2331 433 2395 etiam
486 2332 623 2397 vita
678 2332 958 2417 deficiat,
1012 2332 1079 2397 id
1124 2332 1287 2397 mihi
1329 2333 1735 2418 praeclarum
1782 2336 1849 2397 et
1893 2332 2240 2400 iucundum

141 2440 201 2481 25
233 2424 473 2504 putem.
546 2420 724 2486 Haec
759 2420 965 2507 igitur
1002 2424 1104 2486 est
1141 2425 1332 2506 gesta
1371 2442 1493 2506 res,
1539 2421 1698 2486 haec
1745 2421 2018 2487 victoria
2062 2444 2243 2506 prae·
2279 2434 2348 2485 73

231 2508 436 2590 clara3
471 2530 885 2594 myoparone
939 2509 1214 2594 piratico
1266 2514 1456 2595 capto
1506 2508 1633 2574 dux
1678 2509 1993 2577 liberatus
2003 2561 2021 2595 ,
2077 2532 2244 2593 sym-

232 2597 536 2680 phoniaci
592 2598 870 2663 Romam
931 2598 1144 2681 missi,
1204 2598 1478 2663 formosi
1539 2597 1835 2663 homines
1900 2601 1967 2661 et
2030 2598 2244 2663 adule-

233 2688 486 2748 scentes
543 2688 609 2748 et
663 2686 942 2752 artifices
990 2685 1253 2751 domum
1300 2685 1589 2767 abducti,
1643 2686 1713 2749 in
1759 2706 1983 2750 eorum
2028 2685 2242 2749 locum

233 2772 301 2835 et
324 2770 406 2834 ad
434 2791 655 2835 eorum
680 2794 1021 2837 numerum
1050 2773 1221 2839 cives
1241 2772 1522 2838 Romani
1548 2771 1857 2837 hostilem
1883 2772 1954 2835 in
1980 2772 2242 2837 modum

142 2879 203 2921 so
232 2857 501 2924 cruciati
553 2862 620 2922 et
672 2860 913 2941 necati,
968 2860 1176 2924 omnis
1223 2859 1426 2923 vestis
1473 2859 1723 2942 ablata,
1779 2880 1966 2923 omne
2014 2881 2242 2925 aurum

230 2949 298 3011 et
344 2949 688 3031 argentum
734 2947 1026 3011 ablatum
1072 2950 1139 3011 et
1184 2968 1502 3011 aversum.

363 3034 458 3097 At
496 3056 686 3117 quem
724 3034 805 3099 ad
844 3033 1106 3099 modum
1142 3034 1282 3118 ipse
1329 3055 1399 3098 80
1442 3033 1654 3100 induit
1697 3034 1915 3118 priore
1963 3033 2241 3099 actione!
2262 3031 2346 3097 29

230 3122 357 3199 Qui
409 3125 513 3187 tot
570 3122 703 3187 dies
762 3122 1103 3205 tacuisset,
1155 3124 1420 3205 repente
1466 3121 1536 3185 in
1579 3120 1665 3186 M.
1703 3120 1906 3204 Anni,
1960 3122 2242 3187 hominis

227 3210 763 3295 splendidissimi,
827 3210 1202 3276 testimonio
1212 3261 1230 3295 ,
1294 3232 1442 3275 cum
1500 3209 1559 3275 is
1617 3210 1823 3275 civem
1877 3209 2241 3276 Romanum

142 3316 197 3359 ³⁶
227 3299 515 3384 dixisset,
564 3299 1027 3383 archipiratam
1061 3302 1370 3383 negasset
1407 3298 1616 3363 securi
1662 3318 1802 3363 esse
1846 3319 2242 3384 percussum,

228 3387 491 3452 exsiluit
564 3387 957 3460 conscientia
1031 3387 1291 3452 sceleris
1357 3390 1424 3451 et
1484 3385 1703 3450 furore
1768 3407 1847 3450 ex
1908 3386 2240 3452 maleficiis

225 3479 537 3559 concepto
589 3477 934 3560 excitatus,
995 3475 1157 3540 dixit
1203 3497 1300 3560 se,
1356 3473 1528 3560 quod
1575 3474 1770 3542 sciret
1815 3473 1943 3538 sibi
1981 3474 2243 3541 crimini
