2566 4016
427 204 559 268 456
1028 202 1108 256 IN
1146 201 1203 257 C.
1231 202 1543 259 VERREM
1575 202 1729 259 AOT.
1766 206 1836 261 11.

426 348 651 412 datum
713 345 798 410 iri
856 346 1199 432 pecuniam
1253 348 1577 432 accepisse
1629 369 1838 432 neque
1893 349 1968 414 de
2020 372 2167 415 vero
2217 349 2370 414 archi-

422 435 642 520 pirata
692 435 1047 519 sumpsisse
1092 435 1508 520 supplicium,
1560 435 1706 501 ideo
1754 458 1824 501 se
1870 438 2074 502 securi
2115 459 2236 503 non
2271 457 2370 522 per·

425 522 730 606 cussisse3
778 523 952 587 domi
988 544 1128 588 esse
1168 523 1337 607 apud
1384 545 1524 589 sese
1571 524 1999 609 archipiratas
2045 526 2202 589 dixit
2240 525 2370 589 duos.

316 617 390 672 ‘14
427 611 480 676 O
536 611 947 677 clementiam
1000 611 1229 697 populi
1272 610 1553 677 Romani
1607 633 1722 677 seu
1774 613 1990 698 potius
2045 611 2369 698 patientiam

316 1853 380 1903 75

304 3171 371 3219 '16

425 699 660 765 miram
714 720 792 764 ac
840 698 1265 784 singularem!
1358 697 1580 764 Civem
1626 699 1992 766 Romanum
2039 701 2234 766 securi
2271 714 2400 763 esse⁵

421 808 797 873 percussum
852 786 943 851 M.
983 785 1265 870 Annius,
1324 809 1520 871 eques
1574 787 1936 872 RomanuS,
1994 789 2171 872 dicit,
2220 791 2372 867 taces;

425 874 889 960 archipiratam
937 878 1163 960 negat,
1215 874 1462 940 fateris,
1552 874 1661 940 Fit
1707 877 1987 962 gemitus
2035 876 2296 942 omnium
2329 876 2373 936 et

423 964 695 1046 clamor,
758 975 905 1028 cum
965 967 1188 1027 tamen
1244 985 1285 1027 a
1346 963 1675 1049 praesenti
1738 965 2056 1050 supplicio
2119 968 2223 1029 tuo
2271 983 2373 1027 con·

420 1050 621 1115 tinuit
688 1050 969 1135 populus
1029 1050 1362 1116 Romanus
1430 1072 1500 1116 se
1569 1054 1636 1115 et
1697 1053 2008 1138 repressit
2071 1057 2137 1117 et
2196 1049 2372 1115 salutis

423 1161 577 1204 suae
640 1139 960 1203 rationem
1024 1138 1306 1203 iudicum
1366 1139 1704 1204 severitati
1752 1140 2128 1205 reservavit.
2211 1135 2371 1214 Quid?
2389 1149 2413 1188 ιθ

422 1227 672 1293 sciebas
709 1226 834 1291 tibi
870 1226 1125 1291 crimini
1160 1227 1388 1291 datum
1430 1226 1559 1291 iri‘?
1606 1249 1801 1311 quam
1848 1228 1932 1293 ob
1978 1250 2117 1292 rem
2162 1226 2372 1303 sciebas,
2436 1306 2437 1317 ἵ

422 1338 616 1400 quam
664 1315 747 1380 ob
792 1336 931 1379 rem
977 1314 1178 1379 etiam
1225 1314 1681 1399 suspicabare?
1753 1315 2098 1381 Inimicum
2141 1313 2372 1380 habebas
2436 1360 2437 1371 ,

418 1404 771 1485 neminem3
809 1402 864 1466 si
891 1402 1184 1484 haberes,
1221 1406 1441 1467 tamen
1465 1424 1599 1467 non
1634 1403 1731 1468 ita
1766 1403 2042 1489 vixeras,
2077 1408 2150 1469 ut
2182 1404 2370 1472 metum

419 1490 639 1554 iudicii
690 1489 1100 1574 propositum
1155 1489 1395 1554 habere
1449 1490 1734 1556 deberes.
1823 1491 1933 1556 An
1983 1496 2082 1576 te,
2138 1491 2205 1555 id
2249 1485 2368 1573 quod

418 1577 559 1640 fieri
606 1576 801 1660 solet,
853 1576 1246 1641 conscientia
1291 1577 1594 1643 timidum
1640 1579 2195 1665 suspiciosumque
2233 1575 2409 1642 facitLls

418 1665 576 1729 bat‘?
660 1663 782 1739 Qui
835 1663 1067 1750 igitur,
1122 1687 1267 1730 cum
1325 1687 1500 1731 esses
1556 1689 1703 1732 cum
1756 1667 2061 1753 imperio,
2113 1668 2236 1732 iam
2272 1668 2368 1728 tum

419 1753 660 1818 crimen
712 1756 781 1817 et
824 1751 1132 1818 iudicium
1175 1753 1533 1837 horrueriS,
1587 1776 1731 1819 cum
1775 1759 1879 1820 tot
1924 1756 2201 1821 testibus
2241 1771 2368 1818 coar·

420 1863 636 1927 guare,
664 1845 851 1925 potes
881 1840 959 1906 de
988 1841 1402 1906 damnatione
1431 1842 1774 1909 dubitare?
1826 1841 2076 1908 Verum
2105 1844 2161 1909 si
2186 1842 2367 1908 crimen

414 1930 540 1994 hoc
576 1930 931 2014 metuebas,
973 1951 1055 1993 ne
1093 1929 1237 2014 quis
1275 1931 1684 2017 suppositum
1724 1930 1841 1995 abs
1877 1936 1944 1996 te
1982 1953 2126 1999 esse
2171 1928 2366 2005 diceret,

417 2019 529 2101 qui
588 2039 709 2103 pro
775 2018 1171 2102 archipirata
1236 2020 1442 2084 securi
1500 2020 1829 2104 feriretur,
1890 2024 2113 2087 utruin
2164 2017 2365 2086 tandem
2378 2023 2401 2063 ¹

413 2105 539 2170 tibi
594 2105 685 2190 ¹ad
739 2105 1177 2172 defensionem
1230 2107 1480 2173 firmius
1535 2107 1674 2173 fore
1728 2108 2003 2193 putasti,
2070 2110 2140 2173 in
2187 2102 2364 2173 iudicio

415 2198 644 2259 coactu
706 2198 903 2278 atque
966 2194 1332 2280 efflagitatu
1396 2217 1539 2260 meo
1603 2197 1955 2279 producere
2020 2197 2107 2262 ad
2160 2195 2364 2283 ignotos

414 2285 601 2346 tanto
655 2287 808 2367 post
854 2304 1027 2366 eum,
1082 2304 1274 2365 quem
1321 2283 1784 2367 archipiratam
1829 2305 1970 2349 esse
2016 2285 2273 2365 diceres,
2312 2297 2364 2343 an

413 2370 657 2433 recenti
701 2391 771 2433 re
837 2368 1170 2453 Syracusis
1244 2371 1416 2456 apud
1478 2375 1670 2436 notos
1732 2371 2143 2457 inspectante
2202 2365 2364 2435 Sicilia

412 2477 614 2540 paene
662 2458 805 2519 tota
852 2456 1059 2520 securi
1102 2456 1343 2522 ferire?
1423 2457 1617 2541 Vide,
1670 2459 1822 2543 quid
1868 2460 2155 2546 intersit,
2202 2459 2403 2524 utrum*

410 2542 774 2607 faciendum
822 2542 1049 2627 fuerit3
1101 2544 1171 2609 in
1214 2545 1332 2610 illo
1356 2545 1791 2632 *reprehensio
1837 2545 2022 2614 nul‘la
2070 2551 2254 2630 esset,
2294 2540 2364 2606 hic

411 2630 698 2695 defensio
751 2631 938 2696 nulla
992 2635 1109 2697 est.
1198 2633 1430 2718 Itaque
1478 2634 1644 2699 illud
1689 2656 1949 2721 semper
1988 2658 2208 2702 omnes
2246 2633 2364 2697 fece·

410 2723 581 2804 runt,
621 2720 751 2790 ‚hoc
789 2720 932 2803 quis
972 2724 1123 2785 ante
1159 2724 1246 2803 te,
1293 2721 1437 2806 quis
1475 2726 1733 2805 praeter
1768 2726 1836 2787 te
1871 2724 2120 2809 fecerit,
2163 2736 2363 2808 quaero·

409 2807 699 2873 Piratam
736 2808 955 2873 vivom
995 2809 1283 2875 tenuisti.
1356 2809 1563 2886 Quem
1609 2810 1692 2875 ad
1734 2811 1973 2877 finem?
2054 2813 2222 2878 Dum
2261 2823 2364 2873 cum

408 2896 682 2980 imperio
735 2895 939 2961 fuisti.
1022 2896 1229 2972 Quam
1281 2897 1365 2962 ob
1413 2919 1701 2982 causam,
1757 2921 1883 2982 quo
1931 2901 2245 2985 exemplu,
2288 2898 2404 2958 (ΜΝ

409 2988 547 3049 tam
593 2983 747 3049 diu‘?
794 3006 924 3068 cur,
968 2984 1253 3069 inquam,
1299 2985 1548 3050 civibus
1585 2985 1918 3072 Romanis,
1963 3011 2124 3073 quos
2167 2985 2364 3072 piratae

409 3075 746 3156 ceperant,
808 3072 1016 3137 securi
1081 3073 1307 3138 statim
1369 3074 1693 3159 percussis
1751 3075 1915 3159 ipsis
1967 3076 2195 3162 piratis
2244 3066 2364 3162 lueiq

409 3181 674 3224 usuram
711 3163 850 3224 tam
896 3159 1268 3225 diuturnam
1315 3161 1594 3227 dedisti?
1665 3161 1911 3228 Verum
1958 3168 2118 3246 esto,
2162 3162 2242 3228 sit
2277 3154 2364 3221 tibl
2436 3165 2437 3220 ἶ

410 3247 576 3311 illud
613 3247 891 3312 liberum
927 3269 1116 3314 omne
1152 3252 1429 3335 tempus,
1471 3250 1685 3334 quoad
1722 3274 1868 3317 cum
1902 3251 2170 3336 imperio
2202 3239 2365 3321 fuisfi3

409 3333 692 3399 etiamne
736 3335 1062 3420 privatus,
1117 3336 1399 3403 etiamne
1441 3360 1620 3422 reus,
1672 3339 1954 3406 etiamne
1998 3360 2195 3424 paene
2235 3333 2403 3399 dam-³⁵

406 3424 604 3483 natus
632 3421 923 3486 hostium
953 3423 1142 3490 duces
1170 3426 1432 3509 privata
1456 3426 1528 3491 in
1554 3425 1746 3501 domo
1770 3426 2143 3493 retinuisti?
2176 3422 2363 3494 Unum,

409 3504 690 3570 alterum
753 3529 1068 3594 mensem,
1130 3533 1337 3597 prope
1400 3536 1644 3580 annum
1705 3515 1978 3600 denique
2040 3512 2206 3581 domi
2250 3512 2363 3573 tuae
