2566 4016
898 248 1054 304 CAP.
1092 255 1305 305 23-25
1343 255 1374 316 s
1413 255 1638 308 ἰε-79.
2184 251 2271 318 25

248 395 408 460 citia
458 392 850 458 familiarius
906 393 1038 458 dixi
1092 393 1255 458 mihi
1309 393 1515 459 videri
1560 415 1671 459 ore
1718 393 2062 461 durissimo
2110 416 2270 479 esse,

250 483 364 567 qui
416 484 758 567 praesente
815 501 892 545 eo
939 485 1198 566 gestum
1245 502 1440 567 agere
1487 486 1902 566 conarentur3
1959 483 2070 566 qui
2113 505 2267 549 vero

247 593 396 636 cum
440 570 584 655 ipso
633 569 1125 652 contenderent,
1175 591 1314 653 eos,
1361 570 1620 635 etiamsi
1666 570 1822 654 quid
1867 574 2061 636 antea
2106 572 2269 636 recti

246 663 362 724 aut
414 658 674 724 venusti
729 657 971 722 habere
1023 657 1149 722 visi
1194 662 1438 742 essent,
1494 658 1563 724 id
1608 659 1935 742 amittere3
1986 680 2068 724 ne
2116 658 2269 742 quid

187 764 215 806 5
242 747 409 812 mihi
455 746 592 811 eius
638 745 816 811 modi
860 745 1194 830 accideret,
1239 768 1387 811 cum
1431 751 1661 813 contra
1702 747 1905 812 talem
1952 747 2268 812 artificem

245 835 538 900 dicturus
584 854 821 917 essem,
864 855 969 898 me
1012 834 1238 899 vereri.

381 921 548 988 Tum
593 922 756 986 mihi
801 921 1073 987 Roscius
1120 925 1188 987 et
1232 922 1366 988 alia
1408 924 1620 987 multa
1664 923 2087 989 confirmandi
2136 923 2265 988 mei
2286 894 2371 1022 27²2

245 1032 444 1077 causa
480 1010 663 1093 dixit,
706 1013 783 1075 ut
827 1010 1207 1093 mehercule,
1253 1010 1312 1074 si
1355 1010 1521 1075 nihil
1568 1011 1827 1096 diceret,
1871 1012 2072 1077 tacito
2119 1012 2263 1096 ipso

245 1100 463 1164 officio
493 1103 561 1163 et
588 1098 824 1182 studio,
860 1097 1033 1182 quod
1066 1098 1356 1163 habebat
1393 1121 1551 1184 erga
1585 1099 2022 1184 propinquum
2060 1121 2266 1180 suum,

165 1206 218 1248 ιο
248 1187 542 1272 quemvis
597 1190 1033 1252 commoveret
1087 1183 1358 1272 (etenim
1414 1208 1559 1252 cum
1615 1187 1853 1252 artifex
1906 1187 2042 1251 eius
2091 1185 2266 1251 modi

247 1276 357 1358 sit,
401 1279 476 1339 ut
511 1276 691 1340 solus
731 1274 964 1360 dignus
1001 1273 1300 1339 videatur
1334 1295 1494 1357 esse,
1539 1275 1651 1358 qui
1696 1275 1766 1338 in
1810 1295 2043 1339 scaena
2089 1294 2266 1358 spec·

246 1367 442 1446 tetur,
485 1367 629 1427 tum
665 1363 767 1427 vir
801 1362 939 1428 eius
975 1361 1153 1427 modi
1189 1366 1310 1445 est,
1352 1365 1429 1426 ut
1464 1361 1641 1427 solus
1681 1363 1915 1448 dignus
1950 1362 2266 1446 videatur,

245 1452 358 1536 qui
405 1472 482 1516 eo
526 1472 659 1515 non
705 1448 996 1536 accedat)
1048 1486 1123 1498 --
1150 1472 1398 1516 .verum
1443 1454 1689 1516 tamen:
1738 1449 1981 1526 ‘Quid‘?
2030 1449 2129 1533 si’,
2175 1450 2267 1515 in-

246 1540 416 1624 quit,
472 1538 707 1604 ‘habes
762 1539 900 1604 eius
953 1538 1129 1604 modi
1183 1560 1475 1624 causam,
1527 1543 1604 1604 ut
1655 1539 1781 1605 hoc
1824 1539 1951 1604 tibi
1995 1540 2266 1623 planum

165 1646 217 1687 ιε
247 1628 337 1692 sit
393 1626 785 1710 faciendum,
846 1627 1171 1693 neminem
1229 1648 1398 1712 esse,
1463 1627 1574 1711 qui
1633 1628 1846 1713 possit
1899 1627 2095 1692 biduo
2152 1631 2269 1693 aut

244 1737 574 1781 summum
607 1715 825 1780 triduo
869 1716 1283 1802 septingenta
1328 1716 1512 1781 milia
1556 1738 1866 1801 passuum
1914 1716 2264 1799 ambulare,

244 1808 549 1870 tamenne
574 1803 834 1881 vereris,
870 1807 946 1868 ut
980 1804 1193 1889 possis
1230 1804 1355 1869 hoc
1391 1809 1618 1869 contra
1654 1802 2080 1869 Hortensium
2116 1823 2267 1866 con-

244 1890 585 1956 tendere‘P’
640 1890 988 1975 ‘Minime',
1039 1892 1323 1975 inquam.
1414 1889 1574 1956 ‘Sed
1618 1891 1773 1975 quid
1816 1891 1884 1955 id
1930 1891 2014 1955 ad
2056 1888 2263 1953 rem?’
2302 1894 2369 1943 79

245 1977 642 2066 ‘Nimirum’,
675 1979 906 2064 inquit,
944 1978 1035 2045 ‘in
1064 2000 1138 2045 eo
1167 2001 1365 2044 causa
1391 1977 1733 2043 consistit?
1798 1977 1965 2055 ‘Quo
2002 1975 2263 2043 modo?

160 2087 216 2128 so
243 2068 456 2135 Docet
491 2090 593 2133 me
635 2070 772 2133 eius
817 2069 996 2133 modi
1039 2089 1179 2133 rem
1224 2071 1291 2132 et
1334 2066 1582 2132 factum
1629 2066 1822 2131 simul
1868 2064 2010 2131 Sex.
2036 2065 2264 2148 Naevi,

243 2157 419 2242 quod
469 2156 528 2222 si
572 2158 785 2222 solum
829 2155 1256 2258 proferretur,
1313 2155 1475 2257 satis
1522 2175 1662 2257 esse
1709 2154 1988 2257 deberet.
2078 2152 2265 2255 Quod

241 2246 362 2311 abs
417 2249 511 2328 te,
576 2242 646 2310 O.
680 2244 932 2328 Aquili,
986 2248 1054 2309 et
1106 2266 1147 2309 a
1200 2244 1416 2327 vobis,
1472 2265 1584 2329 qui
1637 2247 1795 2308 estis
1849 2265 1919 2307 m
1972 2243 2264 2326 consilio,

242 2354 532 2486 qiliaesob
543 2336 619 2434 ut
643 2332 1040 2485 {iugem-⁵3}
1071 2332 1455 2486 {tendatiffi
1517 2331 2266 2487 protiectodsstellegleitgg

237 2444 264 2486 1
318 2443 487 2486 ima
568 2442 942 2486 imiocui
1043 2443 1082 2486 a
1150 2443 1216 2486 m
1298 2442 1341 2486 u
1434 2441 1650 2485 assee
1720 2442 1802 2485 au
1920 2443 2053 2486 iam

160 2525 216 2568 2⁵
242 2510 590 2575 veritatem
619 2512 686 2573 et
719 2442 1050 2594 pudopiem,
1088 2444 1302 2593 quoaId
1337 2441 1642 2592 ggtuerit,
1678 2509 2017 2574 restitisse.
2053 2471 2265 2574 'Bona

240 2597 542 2683 postulas
596 2600 671 2661 ut
725 2617 804 2661 ex
833 2596 1060 2661 ,edicto
1105 2596 1438 2681 possidere
1482 2596 1694 2661 liceat.
1776 2595 1916 2672 Quo
1963 2596 2109 2661 die?
2173 2596 2264 2659 Te

239 2686 487 2771 ipsum,
550 2683 784 2768 Naevi,
846 2685 998 2750 volo
1064 2684 1314 2767 audire3
1375 2685 1526 2749 volo
1590 2684 1956 2750 inauditum
2012 2683 2264 2748 facinus

239 2774 477 2859 ipsius,
534 2773 647 2858 qui
697 2772 766 2837 id
820 2772 1174 2856 commisit,
1228 2793 1385 2838 voce
1435 2772 1743 2838 convinci.
1832 2772 1983 2854 Dic,
2035 2769 2263 2851 Naevi,

243 2861 432 2927 diem.
516 2861 712 2925 ‘Ante
767 2860 938 2927 diem
977 2859 1041 2924 V
1076 2859 1349 2925 Kalend.
1385 2859 1845 2926 intercalares?
1926 2857 2102 2923 Bene
2149 2859 2264 2922 ais.

117 2972 126 2989 ·
159 2964 215 3006 ³0
242 2948 455 3026 Quam
495 2949 694 3034 longe
739 2952 840 3014 est
883 2949 1036 3013 hinc
1079 2949 1148 3013 in
1193 2948 1435 3014 saltum
1481 2952 1771 3014 vestrum
1809 2946 2264 3012 Gallicanum?

238 3036 480 3120 Naevi,
530 3041 598 3102 te
650 3057 831 3124 rogo.
906 3036 1075 3103 ‘nco
1129 3036 1314 3102 milia
1363 3035 1716 3122 passuum?
1807 3034 2084 3120 Optime.
2165 3034 2264 3098 De

241 3127 419 3192 saltu
447 3125 1086 3209 deicitueruinctius
1119 3161 1195 3172 —
1230 3146 1359 3209 quo
1389 3125 1536 3189 die‘?
1585 3145 1930 3210 possumus
1958 3122 2083 3187 hoc
2111 3143 2264 3206 quo-

239 3236 363 3298 que
419 3236 501 3280 ex
552 3218 622 3278 te
676 3213 941 3279 audire?
1013 3211 1181 3288 Quid
1238 3215 1462 3279 taces?
1529 3213 1655 3298 dic,
1716 3213 2010 3296 inquam,
2075 3211 2263 3277 diem.

235 3301 450 3368 Pudet
496 3302 733 3385 dicere3
786 3302 1130 3386 intellego3
1182 3323 1408 3366 verum
1454 3304 1521 3365 et
1567 3321 1712 3365 sero
1759 3304 1825 3364 et
1868 3298 2264 3383 nequiquam

157 3405 210 3447 ⁸⁵
235 3391 458 3476 pudet.
548 3389 842 3455 Deicitur
896 3391 972 3455 de
1029 3390 1230 3473 saltu,
1296 3388 1366 3454 O.
1415 3388 1669 3472 Aquili,
1730 3387 1937 3473 pridie
1990 3387 2263 3455 Kalend.

235 3479 692 3562 intercalares3
737 3478 932 3543 biduo
970 3482 1123 3564 post
1158 3481 1292 3561 aut,
1336 3481 1410 3543 ut
1448 3476 1674 3542 statim
1716 3477 1793 3542 de
1838 3477 1977 3542 iure
2023 3479 2260 3562 aliquis

236 3567 623 3650 cucurrerit,
675 3587 808 3632 non
861 3571 1005 3632 toto
1059 3565 1275 3631 triduo
1331 3581 1469 3633 Dcc
1525 3566 1709 3632 milia
1761 3588 2070 3653 passuum
2116 3589 2261 3632 con-
