2566 4016
831 263 834 266 ,
966 214 1117 271 CAP.
1148 222 1322 270 ο-ιι
1361 221 1392 282 5
1428 222 1652 271 33—39.
2228 220 2309 282 11

298 360 485 425 disse.
558 356 833 441 Quaeso,
879 356 949 424 O.
977 358 1206 442 Aquili
1239 379 1503 442 vosque,
1551 359 1662 442 qui
1705 360 1864 424 estis
1909 360 1980 425 in
2023 362 2313 445 consilio,

298 452 399 531 ut,
444 447 599 531 quid
633 446 968 531 pollicitus
1007 447 1149 529 sim,
1187 446 1535 533 diligenter
1571 448 1919 512 memoriae
1963 449 2313 534 mandetis3

298 536 537 601 etenim
580 556 723 599 rem
766 535 1023 600 facilius
1068 496 1279 599 to⁷tam
1319 535 1666 619 accipietiS,
1714 535 1771 599 si
1804 535 1966 600 haec
2012 538 2312 602 memine-

296 624 469 707 ritis,
516 627 583 688 et
619 645 723 688 me
766 622 960 688 facile
1003 626 1224 688 vestra
1269 623 1746 688 existimatione
1791 624 2210 707 revocabitis,
2255 626 2313 689 si

237 729 268 770 ⁵
298 716 484 777 extra
536 710 658 776 hos
707 711 1024 776 cancellos
1080 710 1302 797 egredi
1354 712 1667 794 conabor,
1731 733 1901 796 quos
1949 712 2112 778 mihi
2172 713 2313 798 ipse

290 799 703 865 circumdedi.
773 798 965 885 Nego
1000 799 1202 864 fuisse
1239 819 1519 882 eausam,
1565 821 1678 864 cur
1713 800 2098 884 postularet,
2141 821 2311 886 nego

296 910 375 953 ex
430 887 640 952 edicto
698 888 1025 970 possidere
1074 887 1392 972 potuisse,
1444 908 1614 973 nego
1660 889 2044 973 possedisse.
2133 888 2313 955 Haec

293 976 424 1040 tria
471 997 618 1041 cum
665 975 967 1058 docuero,
1008 996 1337 1060 peroraro.
1450 1026 1455 1032 .
2336 1029 2415 1091 11

472 1062 624 1128 Νοιι
659 1062 786 1127 fuit
822 1084 1034 1146 causa,
1079 1085 1194 1128 cur
1228 1063 1617 1147 postulares.
1682 1063 1806 1139 Qui
1844 1064 1968 1129 hoc
2013 1065 2312 1151 intellegi
2350 1104 2417 1153 37

213 1168 268 1210 ιο
296 1152 564 1237 potest?
638 1149 824 1225 Quia
841 1149 983 1216 Sex.
1016 1113 1267 1216 'Naevio
1303 1172 1511 1233 neque
1557 1173 1636 1215 ex
1682 1152 2013 1216 societatis
2059 1153 2312 1217 ratione

294 1239 851 1392 ἲέῗῖἰιῗῖῗίξῖᾞ
889 1237 2314 1412 qffissffaffiuffessssssssanussffisssserQZ2¹¹?ss

294 1415 463 1480 hanc
499 1437 640 1480 rem
677 1419 774 1500 te,
816 1419 911 1498 te,
955 1414 1248 1499 inquam,
1294 1417 1556 1497 testem,
1601 1412 1836 1497 Naevi,
1882 1415 2115 1480 citabo.
2180 1415 2311 1480 An-

293 1526 452 1568 num
512 1507 579 1568 et
638 1524 713 1568 eo
775 1502 1015 1567 diutius
1074 1506 1226 1588 post
1286 1506 1573 1567 mortem.
1625 1501 1694 1569 O.
1742 1465 2002 1577 Quincti
2057 1503 2184 1568 fuit
2242 1504 2314 1568 in

213 1607 267 1650 1⁵
295 1591 515 1657 Gallia
550 1595 765 1657 tecum
803 1590 998 1655 simul
1044 1590 1402 1666 Quinctius.
1480 1590 1656 1656 Doce
1701 1595 1768 1656 te
1812 1592 2058 1678 petisse
2105 1593 2188 1661 ab
2236 1613 2311 1657 eo

295 1681 493 1745 istam
531 1679 745 1745 nescio
784 1701 977 1763 quam
1014 1678 1552 1744 innumerabilem
1593 1679 1953 1763 pecuniam,
1997 1681 2152 1745 doce
2200 1678 2312 1745 ali·

296 1768 554 1852 quando
617 1768 1011 1832 mentionem
1072 1767 1328 1850 fecisse,
1404 1766 1640 1832 dixisse
1702 1767 1948 1850 deberi3
2015 1768 2311 1832 debuisse

300 1855 658 1921 concedam.
738 1855 1018 1920 Moritur
1055 1853 1125 1919 O.
1160 1854 1519 1937 QuinctiuS,
1564 1854 1676 1938 qui
1711 1854 1855 1937 tibi,
1898 1858 1971 1918 ut
2019 1854 2134 1936 aiS,
2181 1875 2310 1919 cer·
2349 1867 2415 1916 38

300 1943 388 2008 tis
443 1944 809 2008 nominibus
857 1943 1169 2029 grandem
1212 1942 1555 2027 pecuniam
1601 1941 1841 2005 debuit.
1920 1940 2127 2005 Heres
2174 1941 2311 2006 eius

214 2050 271 2090 2⁰
298 2031 370 2098 P.
409 2031 748 2108 Quinctius
796 2033 865 2096 in
911 2031 1196 2097 Galliam
1242 2030 1325 2096 ad
1369 2033 1435 2094 te
1480 2029 1697 2113 ipsum
1740 2029 1919 2093 venit
1962 2029 2033 2093 in
2078 2050 2311 2115 agrum

296 2142 729 2203 communem,
786 2142 861 2184 eo
910 2120 1209 2203 denique,
1262 2118 1375 2183 ubi
1417 2139 1551 2182 non
1594 2116 1786 2183 modo
1833 2138 1938 2182 res
1984 2121 2151 2199 erat,
2200 2117 2313 2183 sed

294 2211 465 2275 ratio
504 2230 758 2309 quoque
790 2208 1003 2272 omnis
1039 2210 1106 2272 et
1143 2228 1365 2272 omnes
1403 2206 1680 2273 litterae.
1736 2203 1893 2279 Quis
1926 2209 2068 2270 tam
2111 2167 2312 2270 disso-

296 2299 473 2363 lutus
510 2298 582 2360 in
616 2318 686 2360 re
721 2295 1034 2361 familiari
1072 2295 1323 2378 fuisset,
1369 2295 1513 2396 quis
1559 2299 1700 2359 tam
1743 2295 2118 2380 neglegenS,
2165 2293 2309 2378 quis

294 2391 433 2451 tam
470 2385 590 2468 tui,
634 2382 843 2467 Sexte,
891 2383 1243 2466 dissimilis,
1290 2383 1421 2466 qui,
1466 2405 1611 2448 cum
1648 2404 1752 2447 res
1789 2383 1873 2447 ab
1911 2404 2006 2467 eo,
2052 2382 2311 2466 quicum

212 2491 268 2532 2⁵
295 2435 746 2556 contraxisset,
782 2472 1154 2538 recessisset
1183 2474 1248 2536 et
1277 2471 1360 2535 ad
1386 2470 1689 2535 heredem
1724 2472 2145 2555 pervenisset,
2179 2493 2313 2537 non

292 2562 616 2645 heredem,
644 2582 793 2625 cum
813 2559 1096 2645 primum
1120 2559 1413 2641 vidisset,
1439 2558 1778 2623 certiorem
1803 2558 2066 2641 faceret,
2094 2559 2312 2643 appel·

293 2651 490 2733 latet,
536 2649 855 2714 rationem
898 2648 1186 2730 afferret,
1239 2647 1299 2712 si
1342 2646 1496 2732 quid
1541 2646 1610 2710 in
1654 2647 2164 2712 controversiam
2208 2668 2312 2710 ve-

291 2739 485 2822 niret,
532 2740 646 2801 aut
680 2737 855 2801 intra
890 2736 1171 2820 parietes
1219 2739 1336 2799 aut
1381 2756 1633 2799 summo
1678 2734 1818 2799 iure
1865 2734 2264 2818 experiretur
2278 2735 2311 2797 ἱ)

295 2826 483 2891 Itane
526 2825 671 2890 est?
718 2824 891 2909 quod
933 2824 1059 2888 viri
1105 2823 1341 2909 optimi
1384 2821 1659 2905 faciunt,
1706 2822 1764 2887 si
1808 2822 1921 2905 qui
1968 2842 2119 2886 suos
2166 2842 2312 2904 pro-

211 2932 270 2972 30
293 2915 576 2999 pinquos
632 2935 707 2978 ac
759 2911 1156 2978 necessarios
1214 2931 1399 2976 caros
1455 2914 1522 2975 et
1573 2909 1884 2975 honestes
1931 2929 2071 2975 esse
2118 2911 2313 2991 atque

293 3001 527 3067 haberi
563 3001 806 3083 volunt,
851 3000 918 3064 id
963 2997 1104 3064 SeX.
1138 2999 1425 3065 Naevius
1469 3020 1604 3064 non
1646 2996 1906 3080 faceret,
1952 2995 2065 3079 qui
2109 3017 2312 3079 usque

299 3110 377 3156 eo
411 3089 623 3154 fervet
657 3087 991 3172 ferturque
1031 3087 1328 3170 avaritia,
1372 3090 1447 3151 ut
1485 3087 1562 3151 de
1612 3087 1745 3151 suis
1792 3083 2147 3151 commodis
2195 3083 2314 3149 ali-

295 3200 494 3262 quam
530 3180 788 3262 partem
823 3176 984 3241 velit
1025 3176 1449 3258 committere,
1493 3195 1576 3239 ne
1623 3195 1819 3257 quam
1863 3175 2121 3256 partem
2163 3171 2314 3237 huic

292 3265 663 3365 propinquo
718 3286 837 3329 suo
891 3263 1088 3329 ullius
1145 3262 1512 3329 ornamenti
1566 3261 1938 3344 relinquat?
1993 3262 2061 3323 et
2104 3259 2162 3324 is
2207 3281 2314 3344 pe·
2351 3271 2419 3321 39

210 3370 267 3412 35
295 3354 573 3436 cuniam,
611 3352 668 3417 si
707 3374 834 3436 qua
871 3351 1225 3429 deberetur,
1266 3372 1399 3415 non
1432 3351 1706 3434 peteret,
1751 3348 1879 3433 qui,
1927 3348 2095 3433 quia,
2142 3347 2314 3432 quod

293 3441 589 3506 debitum
614 3462 970 3525 numquam
1000 3443 1117 3523 est,
1153 3402 1225 3503 id'
1251 3439 1477 3502 datum
1503 3457 1636 3500 non
1664 3439 1782 3520 est,
1817 3457 1951 3501 non
1977 3437 2315 3539 pecuniam

292 3529 489 3596 modo
499 3579 517 3614 ‚
562 3551 788 3594 verum
826 3529 1025 3593 etiam
1070 3489 1354 3592 h’ominis
1399 3524 1750 3611 propinqui
1796 3525 2183 3612 sanguinem
2225 3523 2315 3593 vi·
