2566 4016
684 214 821 270 LIB.
859 215 937 270 IV
993 215 1146 271 CAP.
1185 220 1397 271 26-28
1434 220 1465 281 ὅ
1502 220 1730 271 58-64,
2082 216 2212 280 389

197 365 500 449 praetore
537 359 719 426 venit
755 357 1130 443 Syracusas,
1201 359 1327 423 Hic
1346 359 1583 424 Verres
1621 359 2045 425 hereditatem
2087 361 2224 426 sibi·
2250 376 2317 425 62

197 450 452 516 venisse
491 448 851 514 arbitratus
890 451 1007 531 est,
1053 446 1225 531 quod
1261 447 1332 511 in
1369 446 1508 511 eius
1542 467 1818 531 regnum
1863 469 1938 513 ac
1984 471 2214 514 manus

198 541 468 604 venerat
516 538 603 619 is,
657 557 848 620 quem
892 535 1020 600 iste
1066 539 1132 601 et
1178 534 1472 600 audierat
1516 536 1727 600 multa
1773 557 1988 600 secum
2033 558 2213 621 prae-

201 627 379 692 clara
432 624 675 690 habere
731 627 798 688 et
842 623 1314 708 suspicabatur.
1394 622 1607 688 Mittit
1650 622 1902 688 homini
1947 646 2216 689 munera

146 730 173 772 ⁶
202 715 364 780 satis
401 714 586 798 large
621 712 785 778 haec
820 711 905 777 ad
939 733 1127 776 usum
1175 711 1625 776 domesticum:
1673 711 1819 795 olei,
1862 711 1997 776 vini
2044 713 2217 796 quod

199 803 414 868 visum
459 805 588 885 est,
642 799 843 865 etiam
886 799 1091 866 tritici
1137 799 1312 884 quod
1356 799 1517 864 satis
1565 803 1762 884 esset,
1808 799 1888 864 de
1934 801 2067 865 suis
2114 799 2215 864 de-

200 891 423 957 cumis.
507 888 757 953 Deinde
802 888 1019 972 ipsum
1064 908 1308 974 regem,
1334 887 1416 952 ad
1461 908 1686 953 cenam
1730 888 2006 954 vocavit.
2085 886 2216 953 Ex-

201 982 395 1044 ornat
421 977 637 1062 ample
668 976 1140 1061 magnificeque
1163 975 1546 1059 triclinium;
1574 976 1839 1060 exponit
1867 998 1960 1060 ea,
1981 977 2214 1060 quibus

199 1066 602 1148 abundabat,
673 1063 958 1149 plurima
1029 1067 1096 1129 et
1155 1064 1596 1149 pulcherrima
1657 1085 1816 1129 vasa
1879 1068 2218 1151 argentea3

118 1177 172 1218 10
199 1178 357 1221 nam
391 1154 554 1219 haec
592 1173 789 1216 aurea
822 1152 1108 1217 nondum
1146 1151 1419 1235 fecerat3
1465 1152 1766 1217 omnibus
1802 1156 1986 1217 curat
2021 1153 2215 1217 rebus

200 1245 595 1308 instructum
625 1244 695 1305 et
725 1245 1030 1327 paratum
1065 1243 1145 1304 ut
1179 1239 1269 1303 sit
1304 1239 1687 1305 convivium.
1760 1238 1928 1315 Quid
1964 1241 2217 1305 multa?

202 1352 317 1396 rex
371 1330 468 1394 ita
522 1329 844 1411 discessit,
897 1331 974 1393 ut
1024 1332 1091 1393 et
1132 1327 1337 1392 istum
1382 1327 1640 1413 copiose
1687 1332 1990 1392 ornatum
2037 1334 2104 1393 et
2148 1349 2216 1392 se
2293 1370 2302 1381 -
2406 1328 2432 1351 ‘

201 1417 555 1484 honorifice
627 1421 962 1502 acceptum
1027 1416 1476 1481 arbitraretur.
1570 1415 1783 1481 Voeat
1846 1417 1930 1481 ad
1993 1439 2217 1482 cenam

203 1506 430 1572 deinde
492 1506 637 1591 ipse
696 1509 1091 1589 praetorem3
1158 1504 1424 1588 exponit
1486 1524 1638 1569 suas
1702 1504 1921 1588 copias
1987 1504 2218 1589 omnis,

118 1615 173 1656 15
202 1596 482 1662 multum
539 1596 912 1681 argentum,
963 1615 1097 1659 non
1141 1614 1349 1677 pauca
1393 1592 1589 1657 etiam
1637 1592 1871 1675 pocula
1917 1614 1993 1658 ex
2041 1614 2219 1676 aurO,

205 1705 388 1769 quae,
432 1687 509 1748 ut
544 1704 686 1748 mos
725 1686 826 1747 est
868 1682 1086 1768 regius
1134 1685 1201 1746 et
1244 1680 1527 1745 maxime
1569 1678 1640 1743 in
1685 1677 1893 1764 Syria,
1941 1681 2217 1766 gemmis

204 1775 395 1836 erant
428 1771 737 1836 distincta
780 1769 1176 1835 clarissimis.
1257 1767 1428 1833 Erat
1472 1767 1670 1833 etiam
1713 1788 1832 1832 vas
1875 1768 2217 1852 vinarium,

206 1879 285 1922 ex
346 1879 478 1921 una
540 1879 803 1942 gemma
852 1857 1202 1942 pergrandi
1255 1858 1461 1921 trulla
1514 1860 1823 1921 excavata
1876 1856 2216 1921 manubrio

207 1966 432 2029 aureo,
496 1945 571 2008 de
629 1966 783 2029 qua,
844 1945 1061 2028 credo,
1126 1945 1287 2011 satis
1341 1944 1673 2028 idoneum,
1738 1943 1899 2008 satis
1951 1965 2218 2030 gravem

117 2055 177 2094 20
204 2037 460 2118 testem,
498 2032 572 2108 Q.
598 2032 973 2117 Minucium,
1007 2032 1215 2099 dicere
1252 2033 1543 2098 audistis.
1613 2033 1747 2097 Iste
1784 2055 1984 2097 unum
2023 2033 2217 2118 quod·
2255 2047 2323 2096 63

208 2145 331 2207 que
358 2144 475 2188 vas
502 2121 571 2186 in
598 2142 830 2186 manus
860 2141 1131 2202 sumere,
1155 2120 1440 2203 laudare,
1467 2121 1709 2186 mirari.
1770 2121 1912 2186 Rex
1940 2122 2220 2207 gaudere

205 2210 495 2296 praetori
558 2209 786 2295 populi
847 2208 1128 2274 Romani
1191 2208 1354 2273 satis
1417 2209 1764 2277 iucundum
1828 2214 1895 2274 et
1958 2214 2221 2296 gratum

206 2298 372 2363 illud
408 2319 548 2363 esse
585 2297 969 2363 convivium.
1039 2295 1477 2381 Posteaquam
1514 2298 1663 2362 inde
1701 2298 2056 2364 discessum
2101 2302 2221 2382 est,

207 2386 498 2473 cogitare
533 2386 700 2451 nihil
737 2386 863 2451 iste
901 2384 1097 2469 aliud,
1144 2385 1318 2469 quod
1352 2385 1500 2470 ipsa
1531 2407 1636 2451 res
1674 2386 2047 2473 declaravit,
2090 2387 2221 2453 nisi

115 2492 176 2535 25
208 2497 400 2559 quem
463 2475 546 2540 ad
598 2474 865 2540 modum
916 2495 1138 2560 regem
1193 2495 1271 2539 ex
1323 2474 1657 2559 provincia
1710 2476 2063 2559 spoliatum
2120 2497 2221 2541 ex-

205 2564 612 2648 pilatumque
647 2564 1024 2630 dimitteret.
1104 2561 1318 2627 Mittit
1360 2566 1669 2649 rogatum
1713 2585 1873 2629 vasa
1917 2587 2013 2647 ea,
2059 2586 2222 2648 quae

205 2652 646 2734 pulcherrima
675 2651 847 2737 apud
874 2674 1023 2716 eum
1057 2651 1342 2735 viderat3
1377 2651 1473 2715 ait
1509 2673 1577 2715 se
1616 2651 1750 2715 suis
1787 2653 2222 2716 caelatoribus

206 2738 377 2802 velle
416 2740 771 2803 ostendere.
851 2739 1009 2824 Rex,
1057 2739 1168 2823 qui
1203 2739 1395 2803 illum
1438 2760 1573 2803 non
1614 2743 1855 2821 nosset,
1901 2738 2040 2803 sine
2086 2739 2225 2802 ulla

209 2825 572 2909 suspicione
635 2827 1066 2891 libentissime
1131 2826 1326 2890 dedit.
1422 2825 1633 2889 Mittit
1696 2826 1895 2890 etiam
1953 2825 2223 2889 trullam

111 2934 176 2975 so
208 2933 575 2999 gemmeam
620 2917 953 2997 rogatum3
1002 2913 1175 2977 velle
1219 2934 1292 2977 se
1334 2934 1478 2977 eam
1517 2913 1894 2998 diligentius
1939 2913 2222 2979 conside-

203 3023 368 3067 rare.
451 2999 554 3065 Ea
600 3021 854 3085 quoque
899 3000 961 3065 ei
1004 3000 1307 3066 mittitur.
2240 3051 2325 3115 28

342 3089 533 3154 Nunc
578 3089 927 3172 reliquum,
981 3088 1250 3173 iudices,
1306 3088 1647 3172 attendite,
1694 3088 1772 3152 de
1818 3110 1946 3172 quo
1993 3091 2059 3153 et
2103 3111 2220 3154 vos
2258 3128 2326 3178 64

206 3178 482 3243 audistis
521 3181 587 3242 et
621 3177 903 3261 populus
937 3177 1270 3241 Romanus
1307 3197 1441 3241 non
1473 3198 1645 3241 nunc
1678 3177 1962 3262 primum
2005 3177 2222 3242 audiet

205 3270 272 3331 et
315 3267 386 3330 in
432 3267 668 3331 exteris
712 3265 1091 3330 nationibus
1135 3286 1343 3349 usque
1388 3264 1470 3330 ad
1514 3265 1781 3330 ultimas
1825 3269 2036 3331 terras
2081 3287 2222 3351 per-

103 3374 168 3416 as
202 3358 518 3440 vagatum
550 3357 667 3419 est.
733 3350 1212 3419 Candelabrum
1241 3375 1276 3418 e
1305 3354 1582 3439 gemmis
1612 3353 1991 3419 clarissimis
2029 3376 2221 3439 opere

200 3442 492 3507 mirabili
545 3441 905 3527 perfectum
956 3462 1144 3529 reges
1188 3441 1263 3526 ii,
1321 3464 1483 3527 quos
1530 3442 1700 3528 dico,
1751 3443 2029 3509 Romam
2074 3465 2221 3508 cum

202 3530 609 3616 attulissent,
673 3535 749 3596 ut
801 3530 872 3595 in
921 3529 1246 3616 Capitolio
1302 3536 1645 3617 ponerent,
1709 3531 1880 3616 quod
1932 3532 2220 3599 nondum
