2566 4016
311 274 440 340 196
788 351 793 358 ι
900 270 981 324 IN
1019 269 1078 326 e.
1117 268 1427 326 VERREM
1461 267 1622 324 Aer.
1659 268 1727 322 11.

306 422 441 502 tus,
505 416 618 482 sed
669 414 939 482 fortuna
990 413 1329 499 popularis
1377 413 1746 496 videbatur,
1806 432 2020 496 neque
2068 415 2138 479 te
2194 416 2320 480 tam

307 506 778 588 commovebat,
815 503 990 587 quod
1021 503 1136 567 ille
1173 524 1321 568 cm
1355 505 1523 586 toga
1542 504 1901 584 praetexta,
1936 523 2133 584 quam
2162 502 2320 585 quod

308 595 447 659 sine
492 595 676 659 bulla
711 595 996 658 venerat.
1067 589 1372 656 Vestitus
1403 589 1583 655 enim
1611 589 1938 655 neminem
1975 611 2319 657 commove-

304 683 424 747 bat
468 682 544 765 is,
592 703 784 766 quem
829 680 932 744 illi
976 701 1118 744 mos
1164 683 1232 743 et
1276 679 1379 743 ius
1424 678 1851 763 ingenuitatis
1889 677 2115 762 dabat3
2162 678 2320 762 quod

307 771 762 837 ornamentum
813 768 1130 853 pueritiae
1184 771 1373 851 pater
1429 766 1725 849 dederat,
1773 765 2088 832 indicium.
2137 770 2324 850 atque
2342 785 2366 825 5

305 858 565 943 insigne
616 856 946 941 formae,
1003 855 1132 921 hoe
1175 855 1262 920 ab
1306 855 1436 920 isto
1481 854 1810 937 praedone
1852 858 2147 938 ereptum
2192 876 2320 921 esse

201 960 304 1012 153
344 946 631 1032 graviter
694 949 836 1010 tum
899 948 966 1009 et
1029 944 1258 1009 acerbe
1321 942 1626 1007 homines
1679 941 1998 1008 ferebant
2104 939 2319 1025 Neque

307 1038 494 1099 erant
548 1034 705 1098 illae
756 1033 1063 1098 lacrimae
1116 1031 1467 1117 populares
1523 1031 1735 1116 magis
1793 1053 1988 1115 quam
2048 1033 2321 1114 nostrae,

308 1145 504 1207 quam
547 1125 718 1204 tuae,
766 1121 839 1197 Q.
874 1121 1214 1203 Hortensi,
1257 1141 1460 1204 quam.
1488 1119 1750 1204 hornum
1789 1120 1902 1203 qui
1940 1118 2322 1184 sententiam

306 1209 509 1275 laturi
554 1214 725 1293 sunt,
767 1210 913 1274 ideo
961 1208 1133 1292 quod
1179 1207 1540 1273 communis
1588 1211 1689 1272 est
1734 1228 1948 1290 causa,
1992 1228 2323 1275 commune
2349 1227 2402 1268 ιο

304 1299 689 1382 periculum3
760 1296 1087 1362 communi
1148 1296 1473 1380 praesidio
1536 1295 1691 1360 talis
1721 1294 2112 1380 improbitas
2169 1299 2324 1363 tam-

307 1408 503 1469 quam
540 1385 804 1468 aliquod
837 1385 1206 1451 incendi-um
1243 1383 1778 1470 restinguendum
1816 1387 1933 1449 est.
1995 1382 2323 1450 Habemus

306 1474 479 1538 enim
524 1473 767 1537 liberos
812 1495 1077 1557 parvos3
1120 1472 1440 1537 incertum
1485 1476 1605 1556 est,
1653 1494 1848 1556 quam
1884 1473 2090 1557 longa
2123 1472 2324 1539 cuius-

307 1582 430 1644 que
475 1564 773 1625 nostrum
818 1561 958 1626 vita
997 1559 1222 1624 futura
1267 1560 1382 1644 sit3
1428 1561 1763 1626 consulere
1798 1560 1933 1625 viv-i
1967 1582 2043 1626 ae
2078 1561 2326 1645 prospi-

305 1670 449 1714 cere
504 1649 837 1733 debemus,
889 1651 966 1713 ut
1019 1648 1292 1712 illorum
1342 1648 1624 1713 solitudo
1680 1653 1753 1714 et
1804 1647 2092 1733 pueritia
2134 1671 2326 1732 quam
2356 1668 2407 1709 15

303 1737 688 1802 firmissimos
725 1736 1049 1822 praesidio
1096 1737 1351 1800 munita
1396 1737 1499 1801 eit.
1592 1736 1752 1812 Quis
1807 1737 1984 1803 enim
2037 1740 2163 1820 est,
2219 1737 2329 1820 qui

305 1827 474 1890 tueri
529 1826 741 1909 possit
793 1826 1076 1890 liberum
1123 1829 1503 1890 nostrorum
1555 1825 1906 1909 pueritiam
1964 1828 2192 1891 contra
2236 1825 2327 1891 in-

302 1914 699 1998 probitatem
773 1914 1323 2000 magistratuum?
1431 1912 1671 1997 Mater,
1754 1912 1963 1980 credo.
2071 1910 2328 1979 Scilicet

303 2025 544 2090 magno
600 2002 925 2087 praesidio
969 2002 1098 2067 fuit
1141 2001 1397 2067 Anniae
1451 2001 1741 2087 pupillae
1794 2005 2031 2085 mater,
2083 2000 2331 2067 femina

302 2092 632 2175 primaria,
676 2092 893 2156 minus
934 2091 1055 2156 illa
1096 2091 1248 2156 deos
1296 2090 1724 2175 hominesque
1763 2090 2156 2176 implorante
2198 2090 2330 2154 iste
2361 2109 2417 2151 ιο

303 2179 541 2244 infanti
592 2201 727 2263 pap
728 2179 884 2243 illae
935 2178 1234 2243 fortunas
1297 2179 1545 2263 patrias
1611 2178 1880 2244 ademit.
1969 2176 2333 2243 Tutoresne

305 2265 690 2331 defendent?
763 2265 1080 2330 Perfacile
1115 2287 1268 2330 vero
1308 2288 1391 2352 ap
1393 2266 1480 2331 ud
1515 2267 1708 2331 istius
1737 2266 1914 2332 modi
1940 2269 2335 2351 praetorem,

304 2376 345 2417 a
400 2375 533 2437 quo
571 2354 658 2418 M.
703 2352 999 2417 Marcelli
1058 2354 1297 2419 tutoris
1360 2356 1431 2419 in
1493 2377 1689 2420 causa
1749 2354 1988 2442 pupilli
2051 2353 2197 2420 Iuni
2264 2357 2337 2419 et

197 2510 282 2575 59
298 2440 515 2505 oratio
563 2445 629 2505 et
672 2442 974 2506 voluntas
1022 2444 1088 2506 et
1133 2443 1490 2508 auctoritas
1534 2443 1875 2545 repudiata
1920 2442 2048 2509 est!

198 2528 2340 2704 15ἊωἓῗῗέὲῗιῖἱωὲῂέῒωρὲἓίῗωῙΒΞᾹῶηέῙῗῙΞΞιιΡᾚΞΞΕ
2369 2549 2425 2590 ²⁵

301 2706 371 2771 in
424 2706 597 2770 bello
652 2703 1051 2790 praedonum
1106 2707 1348 2792 praedo
1402 2707 1544 2792 ipse
1597 2707 1823 2792 fuerit,
1887 2708 2000 2792 qui
2052 2707 2123 2773 in
2183 2707 2342 2773 foro

200 2834 207 2836 μ
300 2794 529 2879 populi
564 2794 846 2859 Romani
881 2795 1103 2879 pwata
1132 2795 1422 2860 nefarius
1457 2796 1872 2880 reperiatur?¹
1937 2796 2360 2879 dubitamus,

303 2883 459 2967 quid
503 2882 629 2948 iste
665 2882 736 2947 im
770 2883 1060 2948 hostium
1096 2884 1342 2969 praeda
1377 2884 1645 2949 molitus
1684 2884 1789 2969 sit,
1835 2906 1956 2969 qm
1987 2884 2345 2950 manubias

303 2972 429 3036 sibi
473 2975 696 3036 tantas
742 2994 819 3037 ex
863 2971 934 3038 L.
982 2972 1234 3037 Metelli
1279 2972 1605 3037 manubiis
1641 2971 1888 3056 fecerit,
1934 2972 2046 3057 qui
2083 2972 2347 3038 maiore
2378 2990 2438 3032 so

299 3060 573 3162 pecunia
656 3063 968 3143 quattuor
1048 3059 1384 3126 columnas
1468 3060 1866 3127 dealbandas
1946 3082 2144 3145 quam
2217 3061 2350 3127 ille

301 3149 519 3213 omnis
556 3148 984 3213 aedificandas
1029 3148 1387 3214 locaverit?
1438 3153 1865 3234 expectemus,
1910 3149 2065 3233 quid
2110 3147 2354 3214 dicant

302 3257 378 3299 ex
404 3233 630 3301 Sicilia
647 3237 895 3301 testes?
950 3235 1107 3313 Quis
1135 3259 1450 3339 umquam
1473 3239 1792 3322 templum
1819 3237 1986 3303 illud
2015 3237 2355 3321 adspexit,

303 3323 459 3404 quin
496 3324 811 3389 avaritiae
847 3328 1018 3409 tuae,
1065 3324 1225 3409 quin
1256 3325 1551 3409 iniuriae,
1598 3326 1755 3411 quin
1792 3326 2096 3393 audaeiae
2128 3326 2355 3427 ‘testis

302 3411 516 3473 esset?
573 3412 719 3493 quis
775 3435 814 3477 a
869 3413 1057 3499 signo
1114 3409 1467 3500 Vortumni
1528 3414 1599 3478 in
1665 3415 1908 3481 circum
1970 3413 2358 3480 maximum
2391 3430 2454 3471 35

301 3494 506 3578 venit,
579 3498 735 3579 quin
805 3501 860 3564 is
934 3521 1063 3565 uno
1133 3523 1390 3603 quoque
1455 3502 1662 3588 gradu
1726 3504 1814 3569 de
1869 3502 2150 3568 avaritia
2216 3506 2361 3567 tua

302 3587 859 3651 commoneretur?
899 3609 1093 3671 quam
1119 3592 1194 3653 tu
1227 3591 1402 3656 viam
1438 3594 1774 3659 tensarum
1813 3596 2010 3677 atque
2046 3612 2361 3676 pompae
