2566 4016
326 240 370 304 6
856 237 1001 292 PRO
1037 237 1097 291 P.
1136 236 1315 303 QUIN
1319 236 1483 293 OTIO
1521 235 1810 290 ORATIO.

325 405 473 449 sore
515 381 783 448 Naevio.
871 380 1011 446 Nec
1066 381 1331 464 mirum,
1389 380 1447 444 si
1503 380 1639 445 eius
1693 379 2001 444 utebatur
2054 378 2347 463 consili0,

325 472 507 538 cuius
554 470 867 535 auxilium
914 469 1039 533 sibi
1085 472 1390 554 paratum
1426 468 1730 553 putabat3
1772 489 1906 532 non
1943 466 2135 531 modo
2174 467 2346 532 enim

325 559 662 644 pollicitus
715 561 855 622 erat
916 557 987 621 in
1040 556 1286 639 Gallia,
1351 555 1463 621 sed
1516 557 1762 622 Romae
1826 556 2087 639 cotidie,
2151 556 2346 620 simul

323 651 524 731 atque
597 646 722 710 sibi
783 646 892 710 hic
954 645 1315 727 annuisset,
1386 648 1875 709 numeraturum
1939 665 2009 709 se
2073 643 2347 709 dicebat.

328 734 665 810 Quinctius
711 755 908 818 porro
944 733 1144 798 istum
1180 754 1375 818 posse
1400 732 1625 798 ‘facere
1657 732 1940 815 videbat,
1987 732 2221 796 debere
2255 732 2348 796 in·
2374 756 2402 797 ε

327 823 711 908 tellegebat,
764 821 1053 904 mentiri,
1110 821 1261 905 quia
1306 841 1528 904 causa,
1583 843 1696 885 cur
1747 821 2162 904 mentiretur,
2214 840 2348 885 non

213 956 218 960 «
329 914 497 994 erat,
549 932 682 975 non
782 910 1041 992 utabat3
1096 908 1282 993 quasi
1334 909 1509 974 domi
1551 930 1853 974 nummos
1896 908 2196 991 haberet,
2250 909 2347 973 ita

329 998 670 1064 constituit
811 997 1022 1082 apulis
1087 1018 1156 1061 se
1221 997 1550 1080 daturum3
1621 995 1941 1062 Naevium
2003 996 2346 1062 certiorem

226 1106 293 1154 19
329 1086 515 1169 facit,
568 1089 785 1169 rogat,
839 1088 912 1149 ut
966 1088 1175 1167 curet,
1229 1085 1403 1169 quod
1457 1085 1742 1149 dixisset.
1841 1084 2007 1149 Tum
2060 1085 2187 1149 iste
2244 1084 2348 1149 vir

329 1174 613 1258 optimus
652 1171 924 1258 (vereor,
959 1195 1042 1238 ne
1079 1194 1148 1237 se
1185 1172 1461 1238 derideri
1494 1176 1698 1259 putet,
1736 1172 1909 1257 quod
1942 1172 2178 1237 iterum
2210 1172 2344 1237 iam
2375 1197 2430 1239 ιο

330 1262 471 1327 dico
518 1259 898 1348 ‘optimus'),
944 1261 1057 1346 qui
1099 1260 1272 1326 hunc
1308 1261 1381 1325 in
1416 1282 1702 1326 summas
1738 1261 2076 1347 angustias
2116 1259 2348 1326 adduc-

327 1354 469 1413 tum
506 1354 786 1435 putaret,
821 1353 895 1414 ut
933 1371 1078 1413 eum
1117 1349 1252 1414 suis
1289 1349 1771 1415 condicionibus
1799 1349 1870 1414 in
1894 1349 2040 1434 ipso
2069 1349 2346 1414 articulo

326 1437 642 1521 temporis
689 1437 1142 1521 adstringeret,
1188 1458 1400 1501 assem
1442 1458 1582 1502 sese
1616 1442 1820 1524 negat
1855 1437 2173 1520 daturum,
2217 1437 2348 1501 nisi

328 1525 509 1609 prius
558 1524 635 1589 de
679 1525 872 1589 rebus
918 1524 1410 1609 rationibusque
1456 1525 1788 1591 societatis
1834 1526 2133 1591 omnibus
2181 1524 2343 1589 deci-

329 1612 531 1676 disset
578 1615 644 1676 et
690 1612 918 1677 scisset
964 1612 1091 1676 sibi
1134 1634 1277 1677 cum
1318 1611 1617 1687 Quinctio
1665 1614 2138 1679 controversiae
2173 1612 2342 1676 nihil
2372 1636 2426 1677 15

326 1699 635 1765 futurum.
696 1698 1093 1784 ‘Posterius',
1119 1700 1350 1785 inquit,
1379 1699 1532 1766 ‘ista
1547 1699 1949 1785 videbimus',
1978 1701 2344 1784 Quinctius3

328 1787 527 1853 ‘nunc
578 1788 703 1853 hoc
746 1789 942 1853 velim
988 1810 1199 1871 cures,
1259 1789 1316 1853 si
1359 1789 1482 1854 tibi
1526 1790 1829 1869 videtur,
1862 1790 2034 1875 quod
2080 1787 2343 1854 dixisti?

325 1875 544 1961 Negat
582 1898 650 1941 se
689 1875 820 1941 alia
854 1877 1107 1942 ratione
1142 1875 1494 1962 facturum3
1540 1878 1712 1962 quod
1746 1879 2173 1966 promisisset,
2211 1897 2344 1943 non

326 1964 474 2049 plus
531 1986 650 2031 sua
701 1963 966 2050 referre,
1022 1987 1218 2051 quam
1271 1966 1358 2051 si,
1416 1987 1560 2033 cum
1609 1966 1972 2034 auctionem
2016 1966 2342 2051 venderet,

222 2064 293 2114 20
329 2052 584 2140 domini·
615 2054 797 2119 iussu
844 2054 1176 2139 quidpiam
1220 2055 1648 2139 promisisset.
1736 2054 2179 2120 Destitutione
2223 2055 2345 2120 illa
2370 2078 2427 2119 so

325 2143 661 2226 perculsus
707 2139 1044 2218 Quinctius
1091 2164 1131 2206 a
1175 2139 1471 2228 Scapulis
1516 2164 1755 2230 paucos
1803 2138 1938 2209 dies
1985 2142 2223 2227 aufert,
2272 2143 2344 2208 in

326 2229 610 2293 Galliam
666 2229 899 2313 mittit,
960 2233 1036 2293 ut
1090 2251 1191 2315 ea,
1259 2253 1426 2315 quae
1478 2232 1977 2317 proscripserat,
2029 2231 2342 2315 venirent,

326 2315 642 2380 deteriore
687 2319 980 2401 tempore
1026 2319 1259 2383 absens
1305 2320 1734 2406 auctionatur,
1779 2317 2073 2406 Scapulis
2121 2319 2343 2385 diffici-

325 2402 488 2467 liore
552 2404 921 2469 condicione
975 2404 1292 2471 dissolvit.
1381 2406 1547 2472 Tum
1602 2408 1891 2492 appellat
1943 2409 2121 2473 ultro
2176 2407 2341 2472 Nae-

323 2491 519 2576 vium,
563 2496 656 2576 ut,
700 2493 1005 2578 quoniam
1051 2495 1490 2580 suspicaretur
1534 2496 1757 2580 aliqua
1799 2496 1876 2560 de
1914 2519 1984 2561 re
2019 2495 2160 2561 fore
2196 2517 2342 2562 con·
2368 2518 2422 2560 25

322 2580 727 2665 troversiam,
769 2581 1033 2671 videret,
1069 2588 1144 2648 ut
1182 2605 1377 2667 quam
1414 2585 1696 2669 primum
1733 2588 1800 2648 et
1836 2606 2030 2669 quam
2069 2584 2341 2649 minima

216 2687 284 2736 21
325 2688 470 2733 cum
516 2669 817 2734 molestia
843 2674 1004 2759 ¹tota
1039 2692 1142 2735 res
1178 2672 1668 2758 transigeretur.
1737 2671 1873 2737 Dat
1906 2674 2033 2737 iste
2061 2673 2341 2737 amicum

321 2754 406 2820 M.
444 2757 859 2842 Trebellium,
902 2780 1024 2824 nos
1062 2781 1468 2825 communem
1503 2760 1954 2844 necessarium,
2001 2761 2111 2845 qui
2147 2760 2340 2824 istius

320 2844 505 2948 domi·
552 2850 692 2913 erat
746 2847 1038 2931 eductus,
1103 2851 1169 2912 et
1231 2870 1360 2932 quo
1421 2848 1731 2914 utebatur
1781 2849 1906 2913 iste
1963 2849 2340 2933 plurimum,

316 2956 752 3088 Efflssmffing
805 2939 1103 3108 35:323?
1112 2985 1129 3019 ’
1154 2934 1729 3111 §zassffezffssa
1782 2937 2341 3091 1252&ssssAEssssssss
2368 2960 2423 3002 ³⁰

315 3110 634 3175 iacturam
667 3110 879 3176 facere
916 3111 1236 3197 cupiebat,
1280 3113 1406 3178 iste
1444 3113 1750 3179 mediocri
1794 3113 2036 3198 praeda
2081 3117 2340 3178 conten-

208 3216 280 3264 22
317 3201 423 3262 tus
458 3220 594 3264 non
629 3203 787 3264 erat.
865 3199 1097 3284 Itaque
1134 3221 1211 3265 ex
1252 3222 1329 3266 eo
1376 3206 1669 3287 tempore
1713 3223 1819 3266 res
1867 3221 2007 3266 esse
2051 3201 2122 3265 in
2164 3201 2341 3265 vadi·

316 3287 606 3352 monium
660 3287 892 3373 coepit.
984 3285 1147 3353 Cum
1201 3288 1572 3354 vadimonia
1619 3310 1810 3374 saepe
1855 3289 2060 3354 dilata
2105 3292 2341 3371 essent,

317 3375 384 3437 et
428 3395 574 3439 cum
620 3375 1028 3460 aliquantum
1073 3378 1390 3462 temporis
1435 3377 1504 3441 in
1550 3398 1627 3442 ea
1670 3399 1741 3441 re
1788 3381 1961 3442 esset
1997 3397 2340 3461 consump-
2372 3401 2426 3443 85

313 3463 455 3525 tum
500 3483 706 3547 neque
754 3465 1099 3549 quicquam
1144 3464 1507 3550 profectum
1555 3468 1754 3549 esset,
1806 3465 1988 3530 venit
2032 3463 2114 3531 ad
2164 3465 2342 3530 vadi-

207 3598 212 3605 <
314 3549 602 3615 monium
648 3550 953 3619 Naevius.
