2566 4016
184 1423 252 1474 3⁹1

181 2961 250 3011 38

292 210 422 275 1⁷54
625 193 628 194 ’
893 209 972 263 m
1011 208 1068 264 c.
1096 208 1406 263 VERREM
1442 208 1603 263 AcT.
1642 209 1709 263 11.
1792 244 1801 251 .

290 358 392 420 est
435 355 723 420 rationes
769 352 1053 417 referre?>
1104 353 1228 418 hoc
1273 353 1465 418 modo
1514 356 1627 417 aut
1674 373 1795 439 ego
1844 355 1958 417 aut
2002 356 2096 434 tu,
2142 352 2313 419 Hor·

289 444 479 527 tensi,
524 446 636 507 aut
682 442 1025 526 quisquam
1074 442 1363 506 omnium
1408 441 1711 506 rettulit?>
1777 439 1945 516 Quid
1989 441 2115 506 hoc
2166 442 2312 507 est?

291 553 455 616 quae
508 530 937 615 impudentia,
991 534 1156 613 quae
1210 530 1523 594 audacia?
1599 528 1771 613 quod
1816 529 2185 614 exemplum
2233 552 2312 594 ex

288 622 391 684 tot
418 619 755 683 hominum
789 618 1153 683 rationibus
1190 618 1418 682 relatis
1454 617 1720 682 huiusce
1760 616 1938 682 modi
1974 618 2118 681 est‘?
2183 617 2312 682 Illa

287 711 511 771 tamen
555 704 667 770 HS
725 709 1017 771 sescenta
1071 705 1280 788 milia,
1336 726 1501 789 quae
1549 727 1632 771 ne
1675 704 1846 769 falso
1895 704 2154 788 quidem
2200 727 2311 791 po·
2338 723 2364 766 5

287 796 418 859 tuit
473 795 707 879 quibus
763 794 917 859 data
972 798 1188 858 essent
1240 794 1629 878 describere,
1693 814 1858 877 quae
1913 813 1982 857 se
2029 794 2312 858 Arimini

290 883 519 949 scribit
555 882 911 966 reliquisse,
958 903 1122 965 quae
1157 882 1304 966 ipsa
1339 880 1452 946 HS
1490 885 1785 947 sescenta
1828 880 2013 945 milia
2058 882 2311 965 reliqua

288 971 465 1036 facta
540 973 719 1053 sunt,
788 991 995 1054 neque
1059 968 1274 1036 Carbo
1340 965 1569 1055 attigit
1629 991 1837 1053 neque
1902 966 2082 1033 Sulla
2143 969 2309 1033 vidit

285 1080 496 1142 neque
549 1059 620 1122 in
674 1058 993 1123 aerarium
1044 1058 1255 1122 relata
1302 1060 1472 1122 sunt.
1562 1056 1888 1142 Oppidum
1936 1057 2060 1122 sibi
2105 1058 2307 1142 elegit

287 1146 687 1231 Ariminum,
751 1146 924 1230 quod
984 1149 1151 1229 tum,
1216 1168 1363 1210 cum
1425 1145 1552 1210 iste
1614 1146 1899 1211 rationes
1965 1144 2306 1228 referebat,
2336 1165 2390 1205 ιο

289 1255 667 1319 oppressum
697 1234 1147 1319 direptumque
1175 1238 1344 1318 erat3
1371 1255 1505 1299 non
1534 1234 2003 1318 suspicabatur,
2039 1232 2106 1297 id
2135 1233 2311 1317 quod

287 1345 459 1388 nunc
514 1323 778 1406 sentiet,
835 1322 996 1387 satis
1051 1323 1296 1387 multos
1351 1344 1430 1386 ex
1481 1322 1602 1387 illa
1646 1322 2022 1387 calamitate
2069 1322 2310 1387 Arimi·

289 1411 589 1475 nensium
624 1414 826 1475 testes
866 1409 1057 1474 nobis
1102 1410 1171 1473 in
1216 1411 1385 1475 hanc
1430 1431 1568 1474 rem
1613 1407 1900 1494 reliquos
1947 1430 2107 1474 esse.
2187 1409 2310 1474 Re-

290 1498 421 1563 cita
485 1498 711 1563 denuo.
806 1497 876 1563 P.
921 1497 1257 1563 Lamum
1313 1497 1384 1562 L.
1431 1497 1727 1565 TmAmo
1784 1514 2307 1577 QUAEs‘ronmus

289 1602 586 1651 unmms
623 1602 753 1651 RES
790 1602 1154 1651 ΒΑΤιοΝυΜ
1198 1603 1640 1652 mmmmm.
1721 1585 1966 1651 Recita.
2047 1584 2157 1652 Ex
2194 1583 2310 1650 Sn-
2337 1600 2388 1645 ιε

289 1690 515 1739 NATUS
581 1690 961 1739 CONSULTO.
1060 1672 1155 1738 Ut
1224 1674 1351 1740 hoc
1416 1679 1609 1758 pacto
1677 1674 1997 1739 rationem
2067 1674 2307 1739 referre

289 1762 539 1845 liceret,
586 1782 661 1826 eo
709 1758 1015 1831 Sullanus
1061 1765 1327 1845 repente
1370 1761 1583 1827 factus
1631 1765 1757 1846 est,
1801 1783 1934 1827 non
1979 1766 2054 1826 ut
2099 1762 2306 1827 honos

294 1854 358 1915 et
406 1849 690 1935 dignitas
735 1850 1070 1915 nobilitati
1116 1851 1587 1916 restitueretur.

425 1937 669 2014 Quodsi
732 1937 914 2003 illinc
971 1938 1184 2003 inanis
1238 1937 1670 2025 profugisses,
1731 1942 1954 2003 tamen
2007 1939 2139 2003 ista
2192 1942 2310 2003 tua

288 2026 449 2113 fuga
487 2027 738 2093 nefaria
780 2028 1064 2112 proditio
1111 2027 1396 2093 consulis
1442 2028 1542 2092 tui
1588 2024 2025 2092 conscelerata
2069 2026 2309 2091 iudica·
2336 2046 2391 2086 πο

288 2119 485 2180 retur.
518 2152 596 2162 —
627 2115 843 2180 Malus
870 2116 1048 2197 civis,
1082 2116 1422 2200 improbus
1450 2116 1694 2199 consul,
1732 2115 2074 2180 seditiosus
2106 2115 2305 2179 homo

291 2202 406 2268 On.
444 2201 657 2267 Carbo
706 2201 850 2266 fuit,
902 2239 976 2249 —
1027 2201 1251 2267 Fuerit
1297 2203 1464 2287 aliis,
1507 2204 1634 2268 tibi
1680 2202 1936 2286 quando
1983 2223 2123 2266 esse
2169 2223 2309 2266 coe⁴

289 2290 433 2375 pit?
514 2288 951 2372 Posteaquam
1003 2289 1130 2354 tibi
1182 2291 1549 2374 pecuniam,
1603 2312 1742 2355 rem
1792 2290 2308 2370 frumentariam,

289 2376 577 2441 rationes
624 2398 847 2441 omnes
896 2398 1044 2442 suas
1091 2378 1570 2462 exercitumque
1616 2378 1959 2444 commisit.
2031 2377 2206 2443 Nam
2251 2379 2310 2443 si

290 2464 415 2527 tibi
457 2467 649 2529 antea
685 2464 1140 2550 displicuisset,
1184 2466 1358 2530 idem
1393 2466 1676 2550 fecisses,
1722 2466 1895 2550 quod
1941 2488 2110 2531 anno
2155 2471 2309 2551 post
2336 2485 2389 2524 25

290 2550 377 2616 M.
413 2550 585 2616 Piso.
668 2551 987 2628 Quaestor
1030 2576 1177 2619 cum
1212 2554 1283 2619 L.
1319 2551 1606 2640 Scipioni
1642 2555 1895 2620 consuli
1941 2553 2310 2639 obtigisset,

288 2661 421 2704 non
458 2640 686 2726 attigit
721 2642 1081 2726 pecuniam,
1122 2664 1255 2708 non
1293 2643 1375 2707 ad
1411 2643 1763 2708 exercitum
1799 2642 2129 2727 profectus
2176 2646 2306 2725 est3

290 2728 464 2812 quod
492 2728 570 2794 de
596 2750 667 2793 re
694 2729 956 2813 publica
985 2730 1206 2813 sensit,
1240 2731 1339 2796 ita
1366 2731 1588 2812 sensit,
1624 2734 1699 2796 ut
1731 2752 1852 2795 nec
1887 2731 2082 2795 fidem
2120 2752 2306 2795 suam

286 2837 405 2881 nec
437 2837 686 2881 morem
714 2817 1032 2882 maiorum
1058 2840 1176 2883 nec
1202 2819 1743 2883 necessitudinem
1772 2819 1969 2884 sortis
2001 2819 2305 2884 laederet.

227 2883 269 2947 5
288 2903 551 2969 Etenim
607 2905 665 2969 si
715 2905 876 2970 haec
930 2906 1313 2990 perturbare
1369 2906 1588 2971 omnia
1633 2928 1709 2971 ac
1762 2908 2151 2991 permiscere
2199 2928 2308 2970 vo-
2335 2923 2388 2963 ³0

288 2993 524 3078 lumus,
567 2996 780 3058 totam
815 2993 1018 3058 vitam
1056 2993 1506 3077 periculosam,
1549 2994 1931 3060 insidiosam
1976 2994 2310 3059 infestam·
2395 3027 2404 3033 ·

288 3101 412 3164 que
483 3081 849 3164 reddemus,
923 3081 980 3145 si
1045 3081 1298 3145 nullam
1362 3082 1745 3168 religionem
1812 3104 1954 3148 sors
2018 3082 2309 3165 habebit,

284 3169 538 3234 nullam
575 3170 955 3235 societatem
991 3169 1356 3235 coniunctio
1405 3171 1719 3236 secundae
1766 3171 2125 3254 dubiaeque
2175 3170 2338 3235 for-v

284 3260 508 3340 tunae,
587 3258 840 3322 nullam
914 3257 1372 3322 auctoritatem
1445 3279 1660 3323 mores
1734 3263 1931 3343 atque
2000 3258 2311 3323 instituta

285 3345 623 3410 maiorum.
715 3344 1021 3411 Omnium
1077 3349 1177 3410 est
1232 3347 1592 3412 communis
1638 3347 1970 3430 inimicae,
2023 3347 2136 3430 qui
2179 3345 2308 3411 fuit
2337 3360 2394 3402 ⁸5

283 3430 494 3495 hostis
534 3454 814 3504 suorum.
895 3433 1106 3499 Nemo
1143 3456 1454 3518 umquam
1501 3435 1758 3519 sapiens
1804 3434 2128 3519 proditori
2175 3456 2312 3499 cre·

285 3516 564 3582 dendum
608 3522 884 3604 putavit.
965 3521 1115 3605 Ipse
1161 3519 1372 3607 Sulla,
1418 3523 1520 3588 cui
1567 3523 1882 3588 adventus
1928 3523 2120 3587 istius
2168 3541 2315 3608 gra·
