2566 4016
346 239 479 305 496
951 237 1033 292 IN
1069 237 1127 293 C.
1156 236 1468 295 VERREM
1504 236 1661 293 AOT.
1701 237 1769 291 H.

349 381 685 466 acceperit,
728 385 807 446 ut
841 381 1164 465 expilatae
1208 380 1601 465 provinciae,
1644 379 1866 448 vexati
1910 380 2090 464 socii,
2136 381 2204 447 di
2246 383 2365 449 im·

347 469 662 535 mortales
735 469 1029 554 spoliati,
1101 469 1271 535 cives
1337 468 1619 534 Romani
1688 467 1958 534 cruciati
2020 472 2090 534 et
2153 473 2365 537 necati

346 558 588 641 inpune
650 579 754 623 me
819 562 1038 624 actore
1103 578 1244 623 esse
1307 556 1694 622 videantur?
1765 559 1997 640 potero
2064 579 2187 644 ego
2243 561 2364 626 hoc

349 668 512 712 onus
601 650 861 712 tantum
951 649 1067 711 aut
1149 645 1219 709 in
1303 644 1427 710 hoc
1515 643 1752 710 iudicio
1845 645 2165 729 deponere
2250 653 2366 713 aut

347 735 589 805 tacitus
655 733 1018 799 sustinere?
1116 731 1271 799 Non
1332 732 1645 818 agitanda
1708 753 1810 797 res
1876 733 2031 816 erit,
2099 755 2237 801 non
2296 736 2367 802 in
2387 754 2410 796 ε
2504 760 2505 811 i

349 823 631 889 medium
681 821 1094 906 proferenda,
1147 842 1280 886 non
1333 821 1562 905 populi
1605 819 1889 885 Romani
1941 820 2102 886 fides
2158 823 2367 907 inplo-

348 910 569 994 randa,
610 931 746 975 non
781 931 1024 994 omnes,
1070 909 1182 993 qui
1215 912 1404 975 tanto
1450 931 1522 975 se
1567 909 1808 974 scelere
1855 908 2366 996 obstrinxerunt,

350 1002 425 1062 ut
471 1001 585 1062 aut
629 997 824 1062 fidem
871 1020 1056 1064 suam
1103 997 1429 1081 corrumpi
1472 999 1854 1082 paterentur
1897 1000 2014 1062 aut
2055 997 2367 1066 iudicium

351 1089 863 1171 corrumperent,
932 1086 1004 1150 in
1076 1084 1423 1151 discrimen
1492 1087 1607 1151 aut
1676 1084 1986 1150 iudicium
2047 1089 2367 1153 vocandi?

248 1185 350 1236 180
388 1173 669 1250 Quaeret
715 1173 953 1257 aliquis
995 1173 1305 1238 fortasse:
1361 1171 1758 1239 ‘Tantumne
1802 1173 2009 1259 igitur
2052 1173 2367 1262 laborem,
2392 1193 2437 1234 1⁰

350 1266 571 1328 tantas
609 1261 983 1327 inimicitias
1021 1265 1124 1326 tot
1160 1261 1500 1328 hominum
1542 1263 1957 1346 suscepturus
2000 1262 2142 1328 es‘?'
2213 1264 2371 1331 Non

353 1350 567 1416 studio
615 1349 873 1434 quidem
918 1350 1180 1417 hercule
1225 1350 1364 1415 ullo
1408 1370 1617 1433 neque
1661 1348 2026 1434 voluntate3
2074 1351 2189 1416 sed
2233 1374 2370 1418 non

349 1438 522 1502 idem
560 1437 715 1502 licet
751 1437 929 1521 mihi,
975 1437 1148 1520 quod
1184 1436 1287 1519 iis,
1332 1437 1445 1521 qui
1477 1436 1688 1503 nobili
1729 1458 1962 1521 genere
2006 1439 2151 1503 nati
2194 1446 2371 1527 stmt,

350 1525 585 1608 quibus
642 1525 862 1589 omnia
893 1524 1140 1607 .populi
1192 1524 1474 1591 Romani
1527 1524 1839 1590 beneficia
1892 1525 2370 1595 dormientibus

350 1611 752 1696 deferuntur3
813 1612 1010 1697 longe
1075 1611 1207 1677 alia
1260 1612 1425 1678 mihi
1479 1613 1625 1699 lege
1677 1614 1749 1678 in
1799 1613 1925 1679 hac
1976 1614 2251 1682 civitate
2305 1623 2370 1683 et
2394 1634 2436 1674 1⁵

350 1699 724 1766 condicione
775 1699 1121 1765 vivendum
1178 1703 1297 1765 est.
1376 1699 1578 1766 Venit
1626 1700 1788 1767 mihi
1832 1701 1902 1764 in
1944 1708 2241 1769 mentem
2286 1705 2370 1771 M.

352 1786 647 1872 Catonis,
700 1789 984 1855 hominis
1041 1788 1506 1874 sapientissimi
1557 1793 1626 1854 et
1677 1789 2201 1876 vigilantissimi3
2262 1794 2373 1878 qui

349 1899 497 1942 cum
534 1898 603 1941 se
646 1877 906 1961 virtute,
949 1898 1084 1942 non
1127 1897 1379 1963 genere,
1422 1877 1668 1962 populo
1703 1877 1997 1943 Romano
2043 1900 2372 1947 commen·

352 1965 508 2031 dari⁴
554 1969 844 2051 putaret,
906 1985 1053 2031 cum
1113 1963 1255 2050 ipse
1321 1965 1422 2031 sui
1485 1964 1740 2051 generis
1802 1965 2064 2032 initium
2123 1990 2203 2035 ac
2260 1992 2372 2036 no-

351 2053 543 2120 minis
599 2053 683 2118 ab
731 2074 799 2117 se
847 2053 1031 2140 gigni
1075 2056 1142 2118 et
1186 2054 1538 2140 propagari
1581 2054 1809 2138 vellet,
1862 2055 2204 2122 hominum
2253 2082 2372 2144 po-
2393 2074 2436 2115 ¹⁰

349 2141 867 2207 tentissimorum
891 2141 1174 2225 suscepit
1198 2141 1574 2208 inimicitias
1597 2146 1666 2208 et
1691 2142 1994 2209 maximis
2022 2144 2372 2213 laboribus

351 2229 483 2294 suis
521 2251 724 2313 usque
763 2229 844 2294 ad
881 2250 1203 2295 summam
1239 2233 1636 2296 senectutem
1674 2252 1927 2296 summa
1961 2253 2110 2298 cum
2148 2234 2374 2319 gloria

247 2328 347 2380 181
384 2317 566 2383 vixit.
635 2316 875 2383 Postea
907 2316 979 2393 Q.
1006 2317 1355 2402 Pompeius
1390 2317 1627 2383 humili
1662 2321 1857 2402 atque
1892 2319 2172 2387 obscuro
2221 2323 2373 2389 loco

347 2410 543 2469 natus
589 2426 807 2471 nonne
852 2405 1149 2488 plurimis
1195 2404 1554 2471 inimicitiis
1599 2406 2026 2491 maximisque
2072 2409 2215 2474 suis
2264 2434 2373 2496 pe-

348 2492 569 2556 riculis
609 2514 684 2557 ac
719 2491 1054 2557 laboribus
1093 2493 1531 2577 amplissimos
1568 2493 1847 2560 honores
1890 2500 1994 2562 est
2039 2496 2372 2582 adeptus?
2396 2514 2440 2555 ²⁵

347 2577 542 2644 Modo
597 2576 669 2644 G.
713 2577 1097 2664 Fimbriam,
1151 2578 1220 2646 O.
1265 2580 1572 2666 Marium,
1626 2579 1696 2647 O.
1733 2580 2027 2649 Caelium
2077 2584 2373 2653 vidimus

346 2688 480 2734 non
537 2666 967 2733 mediocribus
1022 2668 1380 2735 inimicitiis
1435 2691 1509 2735 ac
1563 2670 1898 2736 laboribus
1951 2674 2377 2759 contendere,
2504 2701 2505 2738 3

346 2760 423 2821 ut
486 2756 568 2821 ad
630 2756 795 2821 istos
857 2756 1138 2822 honores
1201 2757 1640 2841 pervenirent,
1704 2759 1789 2823 ad
1848 2780 2012 2843 quos
2069 2783 2193 2828 vos
2254 2785 2377 2848 per

348 2843 571 2908 ludum
618 2847 683 2909 et
726 2860 855 2929 per·
886 2843 1370 2931 neglegentiam
1414 2846 1819 2928 pervenistis.
1907 2846 2089 2915 Haec
2137 2851 2378 2918 eadem

349 2936 449 2997 est
482 2936 747 3014 nostrae
781 2932 1055 2997 rationis
1092 2932 1273 3018 regio
1313 2935 1380 2998 et
1413 2933 1538 3017 via,
1582 2933 1818 2999 horum
1851 2955 1973 3001 nos
2017 2935 2380 3006 hominum
2402 2953 2449 2995 ὓ

244 3018 324 3083 71
348 3023 594 3085 sectam
633 3024 827 3103 atque
862 3020 1169 3087 instituta
1203 3021 1671 3106 persequimur.
1740 3021 2072 3108 Videmus,
2115 3031 2381 3109 quanta

347 3108 435 3173 sit
471 3108 540 3173 in
575 3107 820 3173 invidia
855 3112 1226 3193 quantoque
1261 3109 1333 3174 in
1370 3108 1517 3175 odio
1555 3109 1727 3195 apud
1765 3112 2080 3195 quosdam
2116 3114 2381 3181 nobilis

343 3196 640 3261 homines
702 3216 1021 3262 novorum
1083 3196 1423 3262 hominum
1483 3197 1693 3264 virtus
1760 3203 1827 3264 et
1888 3200 2251 3286 industria3
2318 3204 2386 3269 si

344 3284 676 3349 tantulum
714 3283 936 3349 oculos
983 3284 1416 3370 deiecerimus,
1459 3289 1725 3371 praesto
1773 3308 1912 3353 esse
1957 3288 2275 3378 insidias;
2322 3292 2385 3357 si

344 3371 554 3435 ullum
604 3372 821 3436 locum
868 3372 1310 3455 aperuerimus
1357 3373 1709 3459 suspicioni
1755 3379 1869 3441 aut
1914 3376 2201 3462 crimini,
2267 3401 2385 3447 ac-
2408 3394 2453 3436 δ

346 3456 709 3536 cipiendum
763 3460 992 3524 statim
1045 3461 1279 3526 volnus
1328 3483 1494 3545 esse3
1548 3479 1803 3548 semper
1845 3464 2036 3530 nobis
2082 3465 2387 3552 vigilan·

242 3545 343 3595 182
382 3538 552 3623 dum,
598 3563 849 3627 semper
884 3546 1317 3614 laborandum
1360 3549 1672 3617 videmus.
1750 3551 2143 3620 Inimicitiae
2191 3562 2387 3640 sunt,
