2566 4016
305 189 390 254 32
497 189 641 244 PRO
678 190 739 245 P.
777 188 1124 255 QUINCTIO
1161 187 1453 247 ORATIO.
1525 188 1683 247 CAP.
1722 196 1788 245 31
1828 196 1860 257 ἓ
1897 196 2123 247 97-99.

303 356 568 400 manum
639 333 984 418 prehendit:
1056 333 1124 398 in
1192 333 1705 419 propinquorum
1780 334 1968 399 bonis
2048 335 2321 420 proscri-

301 422 530 487 bendis
584 422 1034 506 exercitatam,
1092 421 1461 488 obsecravit
1503 443 1620 508 per
1662 421 1889 487 fratris
1936 422 2036 487 sui
2080 424 2321 489 mortui

302 512 607 593 cinerem,
667 531 785 595 per
846 531 1083 576 nomen
1147 509 1685 595 propinquitatis»,
1748 532 1865 596 per
1908 510 2113 595 ipsius
2172 533 2321 578 con-

301 600 519 685 iugem
575 601 641 663 et
697 598 967 674 liberos,
1032 598 1267 682 quibus
1322 599 1590 683 propior
1642 597 1713 663 P.
1768 597 2068 674 Quinctio
2130 622 2320 665 nemo

302 691 430 771 est,
501 689 576 750 ut
643 686 990 770 aliquando
1064 686 1574 752 misericordiam
1656 691 1945 772 caperet,
2017 688 2322 773 aliquam,
2348 714 2373 755 5

303 776 360 840 si
403 796 536 840 non
580 774 1107 860 propinquitatiS,
1153 778 1224 839 at
1269 776 1507 840 aetatis
1545 796 1717 859 suae,
1764 775 1821 840 si
1856 797 1988 841 non
2024 776 2323 858 hominiS,

303 866 374 928 at
426 863 857 927 humanitatis
911 862 1233 928 rationem
1298 863 1598 946 haberet,
1659 867 1735 929 ut
1797 885 2013 931 secum
2079 865 2322 948 aliquid

300 952 561 1037 integra
607 972 726 1016 sua
769 950 948 1016 fama
994 951 1316 1035 qualibet,
1377 951 1721 1018 dummodo
1767 951 2123 1033 tolerabili,
2176 971 2320 1014 con·

197 1045 265 1097 98
303 1038 550 1104 dicione
606 1039 1020 1126 transigeret.
1117 1039 1224 1103 Ab
1279 1040 1427 1125 ipso
1480 1038 1881 1125 repudiatae,
1944 1037 2027 1100 ab
2094 1037 2319 1102 amicis

303 1126 439 1192 eius
506 1148 640 1192 non
705 1127 1110 1210 sublevatuS,
1181 1128 1264 1193 ab
1335 1128 1510 1193 omni
1574 1125 1962 1210 magistratu
2028 1125 2317 1210 agitatus
2346 1155 2398 1193 ιο

302 1219 498 1299 atque
560 1216 948 1299 perterritus
958 1265 976 1298 ,
1039 1237 1227 1299 quem
1295 1219 1553 1300 praeter
1613 1217 1679 1276 te
1742 1212 2056 1296 appellet,
2117 1213 2319 1279 habet

299 1303 652 1386 neminem3
706 1304 832 1369 tibi
885 1325 980 1387 se,
1040 1304 1165 1368 tibi
1220 1325 1370 1368 suas
1427 1321 1649 1366 omnes
1694 1320 1851 1384 opes
1895 1299 2320 1387 fortunasque

303 1392 740 1475 commendat,
803 1393 930 1457 tibi
996 1390 1350 1457 committit
1405 1387 1952 1453 existimationem
2006 1410 2083 1455 ac
2137 1412 2318 1475 spem

301 1479 590 1563 reliquae
643 1480 836 1546 vitae.
926 1478 1151 1544 Multis
1208 1479 1475 1541 vexatus
1522 1475 1959 1558 contumeliis,
2018 1478 2318 1562 plurimis

299 1568 581 1634 iactatus
624 1568 877 1635 iniuriis
922 1587 1054 1631 non
1098 1563 1308 1647 turpis
1356 1562 1437 1628 ad
1482 1566 1567 1646 te,
1613 1564 1726 1628 sed
1761 1563 1960 1643 miser
1994 1564 2399 1651 confugit315

302 1678 337 1721 e
363 1655 568 1723 fundo
598 1654 1010 1723 ornatissimo
1041 1652 1302 1733 eiectus,
1338 1650 1715 1738 ignominiis
1744 1651 2043 1717 omnibus
2073 1655 2319 1739 appeti-

302 1748 428 1827 tus,
465 1768 609 1811 cum
647 1745 832 1808 illum
868 1742 935 1805 in
973 1740 1106 1804 suis
1143 1739 1438 1823 paternis
1474 1739 1665 1805 bonis
1703 1740 2022 1805 dominari
2052 1741 2320 1825 videret,

300 1834 442 1918 ipse
497 1834 669 1899 filiae
720 1827 929 1894 nubili
994 1827 1211 1892 dotem
1276 1828 1589 1893 conficere
1652 1849 1783 1894 non
1844 1833 2096 1914 posset,
2153 1830 2318 1895 nihil

302 1923 581 1988 alienum
627 1923 847 1983 tamen
890 1915 1031 1981 vita
1076 1916 1405 2001 superiore
1450 1917 1793 1982 commisit.

196 2014 264 2064 99
433 2011 661 2091 Itaque
706 2004 829 2070 hoc
869 2008 935 2070 te
973 2005 1291 2087 obsecrat,
1337 2003 1406 2072 O.
1441 2004 1686 2091 Aquili,
1730 2010 1823 2089 ut,
1869 2029 2065 2091 quam
2103 2006 2319 2073 existi·
2346 2033 2399 2074 πο

301 2098 679 2178 mationem,
725 2115 920 2178 quam
963 2093 1378 2160 honestatem
1423 2095 1491 2158 in
1536 2094 1842 2160 iudicium
1886 2098 2072 2160 tuum
2116 2117 2319 2180 prope

301 2189 447 2252 acta
508 2183 638 2247 iam
703 2185 919 2248 aetate
984 2182 1378 2266 decursaque
1457 2183 1709 2267 attulit,
1782 2205 1927 2248 eam
2001 2183 2195 2249 liceat
2260 2184 2319 2248 ei

301 2292 514 2338 secum
552 2292 630 2335 ex
665 2271 792 2336 hoc
828 2271 970 2336 loco
1008 2271 1250 2352 efferre,
1294 2292 1376 2335 ne
1411 2271 1487 2353 is,
1533 2272 1611 2336 de
1646 2271 1826 2337 cuius
1872 2270 2085 2337 officio
2130 2293 2321 2338 nemo

298 2380 608 2442 umquam
649 2358 989 2442 dubitavit,
1036 2359 1439 2445 sexagesimo
1476 2358 1750 2444 denique
1787 2381 1956 2426 anno
1996 2359 2319 2445 dedecore,

298 2447 552 2512 macula
597 2447 1103 2532 turpissimaque
1143 2447 1504 2533 ignominia
1537 2452 1818 2532 notetur,
1862 2469 1944 2513 ne
1982 2469 2319 2514 ornamen-
2347 2474 2402 2516 25

298 2536 386 2600 tis
441 2536 579 2600 eius
634 2536 934 2601 omnibus
991 2534 1131 2600 Sex.
1184 2534 1473 2601 Naevius
1526 2557 1647 2621 pro
1703 2536 1930 2621 spoliis
1991 2536 2320 2621 abutatur,

298 2646 379 2688 ne
424 2645 540 2709 per
586 2628 652 2690 te
696 2625 832 2708 fiat,
880 2646 1006 2709 quo
1054 2623 1286 2709 minus,
1332 2645 1495 2710 quae
1542 2624 1938 2691 existimatio
1979 2623 2051 2691 P.
2089 2623 2321 2701 Quinc·

298 2713 464 2778 tium
510 2735 713 2798 usque
760 2712 842 2777 ad
888 2714 1283 2779 senectutem
1330 2712 1660 2798 produxit,
1718 2712 1941 2779 eadem
1986 2735 2191 2799 usque
2238 2714 2322 2780 ad

299 2823 533 2890 rogum
578 2803 1024 2888 prosequatur.
