2566 4016
576 233 585 242 ·
655 225 787 280 ΜΒ.
827 226 903 280 IV
967 227 1120 282 CAP.
1159 233 1370 284 51-53
1406 235 1438 295 9
1478 235 1770 286 113—118.
2022 218 2025 221 ’
2090 231 2223 301 413

346 367 555 434 Unius
631 371 827 435 etiam
899 371 1080 436 urbis
1144 373 1434 437 omnium
1496 372 1965 456 pulcherrimae
2029 377 2224 458 atque
2242 373 2329 438 52

216 458 688 542 ornatissimae,
727 457 1209 543 Syracusarum,
1248 459 1677 544 direptionem
1705 464 2237 531 commemorabo⁴

216 549 283 610 et
327 547 396 610 in
441 546 725 611 medium
770 547 1122 632 proferam,
1174 548 1447 630 iudices,
1499 552 1574 611 ut
1620 539 1968 630 aliquando
2013 553 2226 615 totam

216 634 408 699 huius
472 634 726 720 generis
789 636 1151 700 orationem
1216 635 1594 701 concludam
1659 640 1854 719 atque
1907 636 2226 703 definiam.

162 740 188 783 ⁵
217 721 427 787 Nemo
462 722 595 787 fere
631 727 924 787 vestrum
962 728 1079 807 est,
1125 724 1299 807 quin,
1345 744 1538 808 quem
1576 722 1659 788 ad
1694 724 1958 793 modum
1998 729 2227 809 captae

218 811 351 874 sint
416 832 455 874 a
516 809 603 877 M.
651 809 962 876 Marcello
1027 809 1411 895 Syracusae,
1475 833 1668 896 saepe
1731 812 2034 896 audierit,
2095 834 2230 877 non

216 920 570 982 numquam
616 899 817 964 etiam
860 900 931 963 in
975 900 1327 965 annalibus
1365 900 1618 1000 legerit.
1707 898 2015 965 Conferte
2060 901 2228 966 hanc

214 1008 441 1140 5555?
449 987 2229 1162 1ἓξὲῐὲὶῗήξθῗξέιῖοῗῗὲῗῆιὲἷὲῗῖἱῗοῗὲἑῗὲἒῗηίἓέ

139 1181 191 1221 ιο
217 1184 364 1228 cum
403 1162 583 1226 illius
632 1163 916 1226 exercitu
956 1163 1201 1228 invicto
1212 1214 1230 1246 ,
1273 1164 1467 1228 huius
1512 1163 1816 1229 libidines
1862 1186 2009 1230 cum
2051 1165 2227 1229 illius
2268 1197 2272 1201 ⁴

218 1249 646 1333 continentia3
701 1250 784 1314 ab
831 1251 976 1334 illo,
1028 1251 1139 1334 qui
1183 1252 1382 1335 cepit,
1427 1251 1747 1335 conditas,
1792 1252 1875 1316 ab
1921 1252 2045 1317 hoc
2053 1302 2071 1338 ,
2118 1253 2230 1336 qui

218 1337 610 1404 constitutas
648 1338 913 1422 accepit,
958 1341 1185 1423 captas
1223 1339 1451 1404 dicetis
1487 1336 1857 1423 Syracusas·
1929 1338 2028 1405 Ac
2063 1340 2194 1407 iam
2234 1354 2334 1404 116

216 1426 337 1490 illa
391 1425 652 1509 omitto,
710 1447 873 1510 quae
929 1426 1216 1511 disperse
1274 1449 1314 1492 a
1368 1449 1470 1491 me
1526 1427 1753 1492 multis
1804 1428 1874 1492 in
1928 1428 2088 1494 locis
2141 1428 2231 1492 di-

217 1518 445 1579 centur
508 1535 582 1579 ac
645 1514 819 1578 dicta
882 1519 1061 1598 sunt,
1133 1515 1351 1581 forum
1414 1513 1994 1600 Syracusanorum,
2058 1516 2230 1601 quod

138 1619 189 1661 15
217 1601 494 1666 introitu
529 1601 826 1668 Marcelli
863 1625 1100 1687 purum
1145 1626 1185 1668 a
1229 1603 1425 1669 caede
1470 1607 1800 1670 servatum
1847 1608 1966 1690 est,
2012 1604 2081 1670 id
2124 1604 2231 1670 ad·

218 1693 417 1756 ventu
452 1688 678 1755 Verris
726 1688 1088 1756 Siculorum
1143 1691 1585 1757 innocentium
1641 1692 1956 1777 sanguine
2000 1693 2228 1757 redun-

219 1779 432 1856 dasse,
504 1784 768 1860 portum
832 1777 1413 1863 Syracusanorum,
1477 1780 1588 1863 qui
1649 1783 1793 1843 tum
1856 1784 1923 1843 et
1984 1781 2229 1844 nostris

220 1865 538 1930 classibus
604 1869 670 1929 et
731 1865 1379 1951 Karthaginiensium
1443 1867 1700 1931 clausus
1761 1865 2021 1950 fuisset,
2085 1888 2232 1932 eum
2272 1907 2277 1911 ·

219 1952 350 2018 isto
404 1955 703 2038 praetore
750 1951 1025 2018 Cilicum
1080 1953 1465 2039 myoparoni
1518 1953 2076 2040 praedonibusque
2121 1977 2233 2039 pa·

141 2060 195 2101 ιο
220 2042 450 2125 tuisse3
497 2041 689 2105 mitto
729 2040 1093 2106 adhibitam
1127 2042 1262 2106 vim
1298 2042 1616 2127 ingenuis,
1661 2046 1904 2107 matres
1945 2041 2231 2110 familias

219 2130 521 2212 violatas,
567 2150 731 2213 quae
767 2133 908 2193 tum
953 2129 1024 2192 in
1068 2129 1227 2193 urbe
1273 2132 1467 2214 capta
1513 2130 1861 2195 commissa
1902 2152 2036 2196 non
2082 2135 2232 2197 sunt

220 2229 427 2300 neque
465 2216 613 2282 odio
651 2217 879 2282 hostili
919 2238 1126 2300 neque
1173 2217 1437 2282 licentia
1482 2217 1757 2282 militari
1799 2239 2007 2301 neque
2051 2240 2231 2285 more

220 2305 381 2370 belli
414 2326 623 2388 neque
658 2304 798 2369 iure
834 2304 1171 2387 victoriae3
1211 2306 1427 2388 mitto,
1469 2305 1755 2390 inquam,
1799 2305 1958 2376 haec
1997 2308 2233 2391 omnia,

223 2414 387 2477 quae
443 2393 525 2457 ab
580 2394 708 2457 isto
762 2415 879 2479 per
931 2392 1281 2458 triennium
1336 2393 1625 2479 perfecta
1675 2397 1853 2479 sunt3
1910 2416 2012 2478 ea,
2069 2417 2232 2479 quae

141 2498 196 2539 8⁵
223 2482 565 2547 coniuncta
610 2503 754 2547 cum
801 2481 936 2546 illis
982 2481 1175 2546 rebus
1223 2487 1392 2565 sunt,
1439 2481 1517 2547 de
1564 2482 1797 2566 quibus
1844 2487 2037 2549 antea
2084 2484 2233 2568 dixi,

222 2591 296 2635 co
392 2571 610 2635 oscite.

301 2591 599 2723 glIlerem
637 2656 991 2741 Syracusas
1030 2658 1397 2723 maximam.
1419 2680 1559 2724 esse
1600 2656 2013 2742 Graecarum,
2057 2660 2199 2744 pul·
2238 2672 2337 2720 117

223 2745 611 2810 cherrimam
658 2747 947 2811 omnium
993 2768 1184 2831 saepe
1230 2746 1521 2811 audistis.
1601 2745 1752 2829 Est,
1805 2746 2076 2833 iudices,
2119 2747 2234 2830 ita,

223 2836 299 2896 ut
337 2832 613 2897 dicitur.
702 2831 874 2897 Nam
941 2838 1007 2897 et
1071 2834 1203 2898 situ
1264 2837 1366 2898 est
1419 2854 1564 2899 cum
1618 2834 1869 2898 munito
1878 2883 1897 2917 ,
1959 2837 2102 2898 tum
2157 2856 2234 2899 ex

142 2939 196 2980 ω
224 2919 404 2984 omni
441 2920 622 2984 aditu
658 2922 762 2984 vel
798 2924 977 2985 terra
1010 2922 1115 2985 vel
1161 2922 1331 2985 mari
1373 2921 1707 3004 praeclaro
1756 2921 1838 2985 ad
1883 2924 2234 3005 aspectum,

223 3012 290 3073 et
317 3010 546 3093 portus
574 3007 776 3072 habet
802 3029 1003 3093 prope
1030 3008 1570 3073 inaedificatione
1599 3008 2026 3092 amplexuque
2052 3010 2233 3075 urbis

220 3097 533 3180 inclusos5
599 3096 710 3179 qui
769 3117 913 3161 cum
967 3096 1255 3161 diversos
1309 3096 1483 3160 inter
1537 3117 1606 3160 se
1661 3096 1874 3162 aditus
1929 3096 2234 3180 habeant,

220 3185 291 3249 in
314 3185 493 3249 exitu
515 3184 996 3269 coniunguntur
1022 3187 1088 3254 et
1118 3183 1465 3248 confluunt.
1508 3182 1756 3249 Eorum
1784 3184 2233 3250 coniunctione

219 3294 372 3357 pars
429 3273 681 3358 oppidi,
743 3293 905 3355 quae
962 3271 1332 3356 appellatur
1383 3271 1634 3355 Insula,
1697 3272 1865 3337 mari
1914 3272 2235 3338 disiuncta
2252 3322 2337 3387 53

140 3376 194 3418 ⁸⁵
223 3363 505 3446 angusto
570 3363 767 3446 ponte
822 3381 1044 3425 rursus
1092 3359 1469 3445 adiungitur
1515 3363 1580 3425 et
1625 3360 2010 3426 continetur.
2097 3360 2200 3425 Ea
2237 3398 2338 3449 118

220 3452 411 3513 tanta
448 3452 549 3513 est
594 3449 778 3532 urbs,
803 3452 899 3512 -ut
946 3469 1024 3512 ex
1069 3452 1382 3532 quattuor
1425 3447 1695 3514 urbibus
1741 3448 2041 3514 maximis
2087 3471 2233 3515 con-

222 3540 398 3600 stare
436 3536 714 3620 dicatur3
762 3558 1035 3621 quarum
1074 3558 1204 3602 una
1250 3540 1352 3602 est
1399 3533 1501 3622 ea,
1547 3559 1742 3621 quam
1790 3536 1948 3621 dixi,
1991 3536 2232 3623 Insula,
