2566 4016
662 223 796 278 LIB.
834 224 912 276 ΠΙ
966 222 1120 278 ΟΑΡ.
1159 228 1368 278 90-92
1410 229 1440 288 ἓ
1480 229 1777 279 210-215.
2103 226 2231 291 357

209 371 295 438 M.
322 370 573 435 Antoni
609 368 1149 432 aestumationem
1185 367 1500 433 frumenti
1548 368 2075 453 exactionemque
2121 393 2233 456 pe-

212 459 437 526 cuniae
504 460 922 522 revocaturus
993 456 1106 520 es?
1207 454 1396 541 ‘Ita',
1466 456 1707 541 inquit,
1774 456 1790 484 ‘
1808 456 1889 521 ad
1942 458 2232 544 Antoni'3

210 549 335 614 hoc
373 547 545 612 enim
591 544 755 609 mihi
801 543 1199 629 significasse
1246 547 1313 609 et
1360 544 1661 609 adnuisse
1707 544 1886 609 visus
1933 549 2050 609 est.
2129 547 2233 612 Ex

212 637 514 703 omnibus
560 634 766 719 igitur
809 632 1240 717 praetoribuS,
1287 633 1681 717 consulibus,
1726 633 2231 718 imperatoribus

158 745 183 786 5
210 725 298 790 M.
337 723 696 789 Antonium
753 720 1055 806 delegisti
1109 725 1174 785 et
1230 721 1367 785 eius
1424 743 1623 786 unum
1673 720 2232 806 improbissimum

210 814 486 895 factum,
543 809 715 896 quod
768 809 1125 873 imitarere!
1205 808 1297 874 Et
1350 809 1456 874 hic
1502 814 1723 874 utrum
1761 809 1924 874 mihi
1971 809 2232 876 difficile

212 905 313 967 est
351 901 559 965 dicere
597 920 682 963 an
717 898 820 961 his
860 898 1232 962 existimare
1267 898 1365 962 ita
1410 919 1479 963 se
1524 898 1594 963 in
1638 898 1767 962 isto
1814 898 2070 963 infinito
2115 899 2232 963 im-

209 990 392 1076 perio
429 988 516 1053 M.
546 985 907 1051 Antonium
946 986 1244 1072 gessisse,
1289 990 1365 1051 ut
1400 985 1610 1050 multo
1648 986 1762 1050 isti
1807 987 2231 1071 perniciosius

212 1080 300 1143 sit
337 1078 548 1141 dicere
587 1097 656 1140 se
692 1075 762 1139 in
796 1096 868 1138 re
903 1074 1391 1159 improbissima
1435 1073 1720 1139 voluisse
1756 1074 1843 1140 M.
1871 1074 2232 1142 Antonium

129 1187 183 1226 10
210 1165 477 1247 imitari,
524 1185 720 1247 quam
767 1163 822 1227 si
867 1166 1092 1247 posset
1138 1161 1478 1227 defendere
1522 1162 1687 1227 nihil
1733 1162 1805 1227 in
1847 1163 1988 1228 vita
2033 1185 2102 1227 se
2146 1163 2232 1230 M.

214 1252 464 1318 Antoni
501 1251 713 1316 simile
746 1250 1022 1316 fecisse?
1094 1248 1409 1315 Homines
1447 1251 1518 1314 in
1560 1251 1811 1315 iudiciis
1860 1251 1940 1314 ad
1987 1252 2233 1317 crimen

215 1339 710 1420 defendendum,
755 1361 888 1404 non
925 1339 1080 1423 quid
1122 1338 1353 1403 fecerit
1397 1338 1749 1422 quispiam,
1795 1336 2085 1422 proferre
2133 1361 2231 1405 so-

213 1431 370 1514 lent,
418 1428 529 1493 sed
565 1428 719 1514 quid
755 1427 1069 1512 probarit.
1140 1426 1521 1509 Antonium,
1568 1448 1713 1491 cum
1749 1426 1960 1491 multa
2005 1431 2233 1492 contra

214 1518 537 1584 scciorum
584 1517 891 1600 salutem,
942 1515 1149 1580 multa
1194 1519 1423 1580 contra
1465 1514 1823 1579 utilitatem
1869 1516 2232 1599 provincia·-

130 1626 185 1667 15
212 1630 359 1672 rum
397 1609 462 1670 et
506 1605 751 1672 faceret
798 1609 864 1669 et
910 1604 1248 1690 cogitaret,
1295 1604 1364 1669 in
1407 1602 1635 1667 mediis
1682 1602 1935 1666 iniuriis
1983 1603 2119 1669 eius
2167 1608 2233 1669 et

213 1695 680 1780 cupiditatibus
736 1715 912 1759 mors
959 1692 1302 1777 oppressit.
1393 1690 1492 1755 Tu
1537 1690 1725 1774 mihi,
1782 1691 1968 1774 quasi
2015 1693 2233 1757 omnia

215 1784 351 1848 eius
417 1782 596 1847 facta
659 1785 853 1865 atque
918 1780 1190 1845 consilia
1254 1784 1545 1862 senatus,
1611 1778 1919 1863 populus,
1989 1779 2230 1845 iudices

216 1869 707 1953 conprobarint,
758 1869 857 1932 ita
898 1867 988 1932 M.
1023 1866 1273 1932 Antoni
1320 1866 1611 1950 exemplo
1658 1867 1849 1931 istius
1898 1866 2231 1933 audaciam

218 1956 552 2023 defendis?
1371 2028 1378 2035 ,
1511 1958 1516 1962 ’
1881 2029 1888 2036 ‚

130 2067 189 2108 κο
350 2046 443 2110 At
477 2044 650 2109 idem
685 2042 842 2108 fecit
880 2041 1209 2108 Sacerdos.
1291 2042 1639 2109 Hominem
1675 2045 2084 2110 innocentem
2132 2049 2198 2110 et
2233 2016 2337 2142 2913

217 2157 471 2200 summa
524 2131 870 2218 prudentia
922 2130 1289 2216 praeditum
1334 2132 1661 2216 nominas3
1715 2132 1829 2197 sed
1873 2137 2015 2198 tum
2060 2133 2233 2199 idem

214 2224 446 2289 fecisse
511 2222 635 2286 erit
699 2219 1210 2305 existumandus,
1274 2219 1332 2284 si
1387 2219 1609 2285 eodem
1664 2221 1935 2286 consilio
1988 2221 2232 2288 fecerit.

217 2310 389 2376 Nam
446 2331 649 2396 genus
705 2308 1178 2374 aestimationis
1231 2308 1450 2393 ipsum
1496 2331 1535 2373 a
1581 2330 1682 2374 me
1730 2331 2086 2394 numquam
2133 2317 2234 2377 est

215 2399 697 2484 reprehensum,
743 2397 856 2462 sed
893 2398 1029 2463 eius
1068 2396 1362 2481 aequitas
1406 2401 1736 2463 aratorum
1784 2400 2120 2466 commodo
2169 2404 2234 2466 et

131 2505 187 2547 ²5
216 2489 555 2555 voluntate
617 2486 1055 2573 perpenditur.
1153 2484 1307 2551 Non
1368 2490 1589 2572 potest
1651 2487 2034 2571 reprehendi
2096 2490 2236 2555 ulla

217 2577 634 2658 aestumatio,
690 2598 854 2660 quae
910 2573 1157 2640 aratori
1205 2596 1341 2639 non
1392 2573 1586 2639 modo
1639 2574 2050 2641 incommoda
2101 2600 2234 2643 non

217 2670 346 2746 est,
393 2666 505 2729 sed
551 2665 748 2728 etiam
795 2668 987 2749 grata
1033 2666 1149 2727 est.
1241 2660 1552 2728 Sacerdos
1599 2666 1674 2726 ut
1717 2662 1787 2727 in
1831 2664 2232 2747 provinciam

215 2752 424 2833 venit,
483 2751 879 2816 frumentum
941 2752 1011 2815 in
1073 2751 1306 2816 cellam
1368 2750 1732 2833 imperavit.
1833 2748 1997 2814 Cum
2063 2755 2233 2815 esset

218 2842 370 2904 ante
424 2859 664 2901 novum
718 2838 923 2903 tritici
976 2837 1230 2903 modius
1286 2837 1567 2901 denariis
1613 2856 1679 2921 v,
1732 2837 2103 2921 petiverunt
2150 2840 2232 2903 ab

129 2947 189 2988 so
216 2948 294 2992 eo
333 2925 649 3007 civitates,
693 2929 769 2989 ut
815 2929 1227 2990 aestumaret.
1309 2923 1668 2990 Remissior
1714 2925 2049 3008 aliquanto
2098 2926 2233 2991 eius

214 3015 344 3080 fuit
416 3012 786 3079 aestimatio
859 3035 1054 3095 quam
1127 3033 1412 3096 annona3
1482 3034 1634 3077 nam
1698 3012 2071 3078 aestimavit
2134 3015 2236 3078 de-

214 3103 417 3168 nariis
465 3119 559 3166 111.
633 3099 833 3165 Vides
881 3101 1149 3165 eandem
1196 3100 1718 3165 aestimationem
1762 3105 2032 3186 propter
2076 3106 2235 3167 tem-

215 3191 395 3276 poris
452 3189 1045 3256 dissimilitudinem
1099 3188 1166 3253 in
1219 3188 1338 3255 illo
1394 3188 1604 3253 laudis
1660 3211 1921 3255 causam
1977 3191 2235 3274 habere,

214 3280 286 3344 in
319 3283 387 3344 te
424 3279 733 3363 criminis,
767 3278 838 3341 in
872 3277 990 3342 illo
1027 3277 1341 3362 beneficii,
1376 3277 1447 3342 in
1480 3281 1548 3341 te
1584 3278 1876 3344 iniuriae.
1949 3278 2198 3344 Eodem
2237 3299 2339 3348 215

130 3386 187 3428 ⁸⁶
215 3371 510 3453 tempore
538 3366 862 3433 Antonius
902 3366 1183 3432 denariis
1221 3384 1302 3431 111
1347 3366 1718 3433 aestimavit
1761 3371 1916 3452 post
1960 3389 2237 3434 messem

219 3465 474 3521 summa
498 3456 570 3521 in
598 3456 871 3539 vilitate,
910 3477 1055 3522 cum
1085 3459 1378 3521 aratores
1405 3455 1802 3531 frumentum
1837 3456 1990 3523 dare
2028 3458 2236 3545 gratis

217 3544 516 3627 mallent,
590 3549 656 3610 et
729 3545 945 3611 aiebat
1008 3555 1087 3610 se'
1139 3544 1461 3611 tantidem
1526 3545 1934 3632 aestimasse,
2009 3548 2237 3631 quanti
