2566 4016
313 193 443 258 296
912 191 990 246 IN
1029 191 1086 249 C.
1115 190 1426 245 VERREM
1460 190 1616 246 ACT.
1653 191 1724 246 n.

312 342 532 403 autem
586 335 755 402 alios
806 340 873 400 et
924 336 1281 418 verberari,
1334 355 1530 420 porro
1586 334 1750 400 alios
1801 335 1871 399 in
1914 334 2177 420 publieo
2226 359 2327 402 cu-

313 424 569 508 stodiri,
614 424 881 489 destitui
918 423 1084 489 alios
1129 424 1199 488 in
1243 423 1570 507 convivio,
1616 423 2030 488 condemnari
2078 424 2245 489 alios
2291 448 2330 489 a

310 513 560 579 medico
627 516 695 577 et
758 532 1075 597 praecone
1135 510 1489 596 praetoris3
1560 512 1734 576 bona
1795 516 2024 576 tamen
2079 512 2331 577 interea

309 603 517 667 nihilo
555 600 769 666 minus
805 620 1029 665 eorum
1066 599 1353 664 omnium
1391 620 1469 663 ex
1506 599 1683 685 agris
1721 599 1960 664 auferri
1998 621 2073 664 ae
2118 600 2327 684 diripi

312 689 481 766 Quid
534 692 639 753 est
681 687 848 753 hoc?
911 687 1139 789 popuii
1182 686 1462 752 Romani
1507 686 1876 772 imperium,
1906 688 2159 788 populi
2201 687 2328 752 Ro·
2356 708 2384 748 5

312 778 490 843 mani
534 774 1032 861 leges,iud10ia
1075 796 1157 839 m·
1191 775 1402 840 socios
1444 772 1685 858 fidelis,
1737 775 2137 859 provinciam
2183 776 2329 840 sub-

311 864 673 930 urbanam?
745 884 960 928 nonne
1015 862 1241 927 omnia
1283 862 1510 946 potius
1559 862 1697 926 eius
1750 863 1953 945 modi,
2016 882 2207 947 quae,
2273 863 2330 926 si

312 952 598 1017 Athenio
655 953 793 1032 [rex
843 950 1300 1037 fugitivorum]
1346 950 1636 1033 vicisset,
1689 950 1758 1013 in
1804 912 2025 1016 Sioiiia
2065 970 2197 1016 non
2240 950 2332 1014 fe·

313 1039 553 1105 cisset‘?
650 1037 828 1119 Non,
898 1040 1163 1121 inquam
1230 1037 1500 1121 iudices,
1573 1041 1746 1102 esset
1806 1039 2010 1104 ullam
2071 1043 2332 1123 partem

312 1128 504 1193 istius
550 1127 879 1212 nequitiae
923 1125 1356 1212 fugitivorum
1398 1125 1747 1191 inscientia
1791 1131 2417 1193 consecutam

209 1213 292 1276 27
447 1215 765 1281 Privatim
814 1214 939 1280 hoc
983 1214 1202 1298 modo3
1249 1213 1448 1297 quid?
1511 1212 1774 1298 publice
1815 1214 2116 1279 civitates
2163 1219 2332 1280 trae-

312 1309 491 1370 tatae
563 1324 756 1388 quem
827 1301 911 1367 ad
982 1303 1246 1367 modum
1320 1301 1518 1366 sunt?
1616 1300 1913 1366 Audistis
1983 1303 2331 1386 permulta,

311 1392 581 1473 iudices,
637 1390 1019 1454 testimonia
1070 1390 1412 1455 civitatum
1466 1392 1533 1453 et
1584 1389 1982 1473 reliquarum
2036 1389 2334 1454 audietis.

208 1484 276 1531 67
314 1479 412 1543 Ac
473 1478 758 1562 primum
823 1476 901 1540 de
954 1476 1349 1562 Agyrinensi
1409 1477 1656 1561 populo
1717 1476 1895 1543 fideli
1948 1481 2016 1541 et
2066 1478 2333 1542 inlustri

313 1566 599 1629 breviter
626 1564 1016 1650 cognoscite,
1080 1564 1512 1650 Agyrinensis
1548 1568 1652 1628 est
1683 1564 1754 1629 in
1787 1566 2018 1649 primis
2052 1565 2335 1631 honesta
2365 1586 2418 1627 is

315 1652 573 1718 Siciliae
628 1652 859 1717 civitas
911 1651 1249 1716 hominum
1306 1656 1457 1716 ante
1510 1651 1684 1717 hune
1734 1657 2104 1737 praetorem
2152 1654 2334 1719 locu

314 1740 588 1827 pletium
627 1760 1154 1824 summorumque
1199 1743 1550 1805 aratorum.
1629 1739 1790 1805 Eius
1838 1741 1982 1841 agri
2027 1742 2331 1807 decumas

315 1852 460 1894 cum
499 1828 762 1894 emisset
796 1827 970 1893 idem
996 1827 1345 1912 Apronius,
1391 1828 1710 1928 Agyrium
1747 1829 1942 1894 venit.
2016 1829 2141 1905 Qui
2182 1850 2334 1894 cum

316 1917 797 2020 apparitoribus
858 1938 935 1982 eo
989 1938 1137 1982 cum
1194 1917 1261 1980 vi
1317 1938 1393 1981 ae
1446 1915 1648 1980 minis
1693 1916 2004 1998 venisset,
2064 1938 2334 2001 poscere

314 2006 652 2091 pecuniam
691 2004 1000 2091 grandem
1040 2004 1270 2090 eoepit,
1313 2008 1389 2069 ut
1425 2008 1690 2089 accepto
1726 2003 1906 2071 luero
1948 1966 2333 2090 diseederet3
2363 2027 2421 2067 ze

313 2095 490 2159 nolle
527 2116 597 2160 se
630 2094 881 2180 negotii
920 2094 1263 2177 quicquam
1305 2094 1548 2158 habere
1588 2093 1863 2176 dicebat,
1908 2093 2021 2159 sed
2065 2051 2339 2179 aoeeptsi

314 2182 587 2266 pecunia
621 2182 791 2246 velle
829 2199 1024 2263 quam
1060 2182 1346 2265 primum
1382 2181 1582 2246 aliam
1620 2181 1953 2247 civitatem
2000 2202 2335 2267 occupare.

315 2268 483 2333 Sunt
535 2288 759 2333 omnes
805 2266 1009 2333 Siculi
1059 2287 1192 2332 non
1244 2269 1720 2349 contemnendi,
1787 2270 1843 2332 si
1897 2290 2013 2354 per
2065 2274 2338 2335 nostros

314 2357 742 2442 magistratus
770 2354 989 2438 liceat,
1019 2355 1131 2419 sed
1157 2356 1453 2420 homines
1481 2361 1550 2420 et
1576 2357 1737 2421 satis
1763 2357 1969 2421 fortes
2005 2362 2075 2421 et
2108 2359 2336 2440 [satis]
2529 2425 2530 2428 ,

314 2445 508 2528 plane
560 2442 738 2528 frugi
791 2464 868 2508 ac
921 2442 1148 2526 sobrii,
1201 2446 1268 2507 et
1320 2444 1389 2507 in
1442 2444 1673 2529 primis
1726 2444 1886 2510 haee
1937 2445 2194 2530 civitas,
2250 2446 2338 2513 de
2363 2467 2421 2508 ιο
2529 2473 2530 2476 “

209 2543 277 2594 68
317 2553 446 2614 qua
488 2530 723 2614 loquor
730 2580 749 2614 ,
797 2530 1056 2596 iudices.
1129 2493 1366 2615 'Itaque
1411 2532 1662 2596 homini
1704 2533 2190 2617 improbissimo
2233 2553 2339 2600 re-

315 2618 639 2704 spondent
708 2619 1149 2705 Agyrinenses
1227 2637 1369 2685 sese
1445 2620 1746 2685 decumas
1820 2621 1904 2706 ei,
1981 2641 2173 2705 quem
2246 2624 2340 2688 ad

313 2705 579 2772 modum
634 2706 966 2791 deberent,
1031 2706 1328 2789 daturos,
1386 2707 1664 2791 luorum,
1717 2727 1865 2773 cum
1916 2708 2031 2773 ille
2084 2727 2339 2795 magno

313 2794 698 2879 praesertim
725 2794 1009 2878 emisset,
1043 2816 1181 2860 non
1202 2758 1556 2860 additurus.
1615 2795 1945 2879 Apronius
1984 2797 2338 2879 certiorem

210 2880 248 2942 2
255 2880 293 2943 8
313 2884 474 2949 facit
499 2883 720 2966 istum,
755 2883 902 2948 cuia
932 2903 1037 2947 res
1074 2887 1231 2948 erat.
1295 2880 1553 2965 Statim,
1590 2887 1927 2968 tamquam
1965 2886 2339 2953 coniuratio
2364 2905 2425 2945 so

316 2972 537 3056 aliqua
580 2970 793 3056 Agyri
845 2974 1073 3036 contra
1125 2991 1266 3035 rem
1311 2970 1641 3055 pubiicam
1684 2972 1864 3037 facta
1907 2977 2026 3037 aut
2066 2974 2339 3059 legatus

313 3059 637 3144 praetoris
698 3057 1001 3160 pulsatus
1062 3062 1260 3141 esset,
1323 3059 1421 3122 ita
1471 3057 1723 3146 Agyrio
1778 3061 2208 3146 magistratus
2266 3067 2343 3126 et

316 3149 607 3232 quinque
636 3147 833 3231 primi
876 3146 1087 3211 accitu
1130 3146 1323 3210 istius
1369 3150 1737 3211 evocantur.
1808 3147 2096 3213 Veniunt
2139 3146 2343 3250 Syra-

315 3255 529 3318 cusas3
580 3238 844 3319 praesto
900 3238 1001 3298 est
1052 3232 1411 3318 Apronius3
1477 3234 1573 3299 ait
1625 3256 1736 3300 eos
1788 3236 1994 3321 ipsos,
2059 3237 2171 3319 qui
2222 3259 2343 3303 ve·

313 3322 581 3402 nissent,
625 3325 855 3385 contra
890 3321 1171 3386 edictum
1206 3323 1530 3406 praetoris
1568 3321 1815 3388 fecisse.
1897 3323 2341 3409 Quaerebant,
2368 3342 2426 3383 ⁸⁵

317 3406 485 3485 quid.
564 3406 1024 3508 Reospondebat
1062 3429 1130 3473 se
1168 3409 1251 3474 ad
1287 3414 1774 3494 recuperatores
1810 3432 1950 3476 esse
1987 3412 2343 3479 dicturum.

315 3487 450 3552 Iste
485 3492 911 3571 aequissimus
949 3497 1147 3562 homo
1180 3496 1593 3563 formidinem
1628 3497 1816 3563 illam
1853 3521 2036 3565 suam
2072 3499 2344 3565 miseris
