2566 4016
300 208 430 273 120
499 208 579 262 IN
618 208 678 274 Q.
710 207 1104 263 CAECILIUM
1139 206 1542 264 DIVINATIO.
1602 207 1754 265 CAP.
1786 216 1872 278 21,
1909 216 1977 265 22
2015 216 2046 276 ς
2084 216 2319 267 ''Io—73.

300 356 544 437 suerat,
596 373 767 417 nunc
820 351 1232 436 praesertim,
1289 374 1366 417 ea
1418 352 1551 416 iam
1599 356 1840 436 aetate,
1894 373 2042 417 cum
2089 353 2313 418 aedili-

296 446 501 506 tatem
556 439 807 525 petat‘P'
896 439 1043 525 Ego
1095 460 1253 505 vero
1306 443 1372 504 et
1418 439 1654 504 aetatis
1697 461 1830 504 non
1875 441 2068 505 modo
2113 463 2312 526 meae,

296 529 410 593 sed
446 529 656 593 multo
695 527 893 593 etiam
931 527 1280 613 superioris
1320 531 1386 592 et
1420 527 1688 592 honoris
1726 528 2116 612 amplissimi
2151 534 2311 615 puto

296 638 436 681 esse
491 621 559 681 et
613 637 914 682 accusare
967 616 1278 701 inprobos
1336 619 1403 680 et
1447 616 1719 680 miseros
1767 616 2312 702 calamitososque

295 704 650 770 defendere.
711 703 803 769 Et
836 703 1128 789 profecto
1167 707 1282 769 aut
1318 704 1441 769 hoc
1476 703 1830 769 remedium
1867 708 1969 769 est
2005 710 2312 791 aegrotae
2338 723 2368 764 ⁵

298 814 374 858 ac
408 814 611 877 prope
657 792 1036 877 desperatae
1080 792 1175 856 rei
1219 791 1517 877 publicae
1562 791 1943 876 iudiciisque
1988 794 2311 877 corruptis

297 884 363 945 et
391 880 853 945 contaminatis
882 900 1234 968 paucorum
1261 880 1423 944 vitio
1451 901 1526 943 66
1557 880 1978 965 turpitudine,
2015 880 2310 947 homines

297 968 378 1032 ad
450 968 671 1053 legum
754 966 1191 1033 defensionem
1269 967 1779 1051 iudiciorumque
1854 969 2309 1035 auctoritatem

298 1078 494 1140 quam
520 1055 1016 1122 honestissimos
1051 1061 1117 1120 et
1151 1055 1608 1141 integerrimos
1647 1055 2310 1141 diligentissimosque

296 1143 620 1228 accedere3
669 1149 822 1226 aut,
848 1144 905 1208 si
936 1165 1019 1208 ne
1054 1144 1181 1209 hoc
1217 1144 1476 1227 quidem
1511 1142 1820 1229 prodesse
1855 1144 2115 1228 poterit,
2158 1166 2306 1228 pro·
2340 1163 2396 1203 ιο

292 1232 465 1297 fecto
500 1233 685 1298 nulla
729 1254 1037 1316 umquam
1082 1232 1400 1297 medicina
1443 1231 1548 1295 his
1593 1234 1698 1297 tot
1742 1232 2166 1298 incommodis
2213 1254 2310 1296 re·

191 1331 253 1381 ’11
295 1320 598 1406 perietur.
693 1318 897 1385 Nulla
964 1320 1139 1385 salus
1194 1321 1289 1384 rei
1343 1320 1642 1405 publicae
1695 1320 1904 1384 maior
1958 1325 2060 1385 est
2114 1341 2311 1405 quam

295 1429 431 1491 eos,
488 1408 600 1492 qui
654 1408 933 1472 alterum
988 1410 1320 1490 accusant,
1373 1428 1508 1472 non
1559 1408 1774 1473 minus
1831 1407 1907 1472 de
1958 1407 2175 1492 laude,
2231 1408 2310 1472 de

293 1495 565 1579 honore,
622 1495 700 1559 de
742 1495 923 1560 fama
966 1517 1084 1559 sua
1130 1517 1325 1580 quam
1369 1495 1550 1579 illos,
1605 1496 1717 1580 qui
1763 1500 2176 1580 accusantur,
2232 1496 2310 1561 de
2453 1559 2457 1562 ,

294 1583 505 1683 capite
562 1604 637 1647 ac
690 1583 974 1652 fortunis
1025 1583 1159 1648 suis
1214 1582 1690 1667 pertimescere.
1776 1582 2005 1668 Itaque
2051 1604 2308 1668 semper
2339 1602 2392 1642 1⁵

292 1670 341 1734 ii
387 1669 885 1771 diligentissime
931 1670 1571 1756 laboriosissimeque
1617 1676 2029 1755 accusarunt,
2083 1672 2194 1756 qui
2240 1693 2309 1737 se

292 1758 472 1842 ipsos
508 1758 579 1823 111
616 1758 961 1824 discrimen
996 1758 1496 1825 existimationis
1534 1760 1753 1824 venire
1790 1760 2094 1825 arbitrati
2138 1764 2309 1826 sunt.

188 1850 275 1914 22
429 1845 640 1922 Quam
694 1847 777 1912 ob
831 1869 971 1911 rem
1023 1847 1150 1912 hoc
1204 1851 1516 1931 statuere,
1579 1847 1819 1913 1udices
1828 1898 1846 1933 ,
1902 1848 2180 1933 debetis,
2235 1848 2310 1925 Q.

294 1933 663 2020 Caecilium,
711 1936 789 2000 de
834 1958 961 2021 quo
1007 1936 1192 2000 nulla
1235 1957 1545 2020 umquam
1592 1935 1811 2021 opinio
1856 1935 2055 2001 fuerit
2098 1937 2310 2002 nulla-

295 2045 417 2107 que
479 2024 549 2089 in
604 2025 730 2090 hoc
782 2025 927 2109 ipso
992 2025 1225 2090 iudicio
1291 2024 1653 2108 expectatio
1715 2023 1938 2090 futura
1990 2026 2104 2109 sit,
2178 2027 2393 2110 qui,2o

291 2133 499 2195 neque
552 2116 627 2177 ut
682 2116 833 2177 ante
888 2113 1229 2178 collectam
1283 2113 1531 2178 famam
1575 2117 1914 2177 conservet
1955 2135 2159 2197 neque
2204 2114 2308 2177 uti

293 2199 526 2284 reliqui
580 2201 895 2284 temporis
952 2221 1132 2283 spem
1178 2199 1542 2284 confirmet,
1597 2201 1882 2285 laborat,
1935 2223 2068 2267 non
2109 2202 2351 2266 nimis

292 2286 460 2350 hanc
515 2307 777 2351 causam
833 2307 1081 2370 severe,
1132 2308 1265 2352 non
1317 2288 1512 2352 nimis
1559 2293 1882 2373 accurate,
1934 2311 2067 2355 non
2111 2290 2308 2354 nimis

293 2373 639 2457 diligenter
686 2377 1007 2458 acturum3
1062 2374 1264 2439 habet
1309 2376 1481 2440 enim
1525 2376 1720 2461 nihil,
1781 2377 1954 2461 quod
1996 2378 2066 2441 in
2113 2379 2309 2443 offen-

206 2486 218 2533 ·,
295 2459 473 2525 sione
506 2461 840 2544 deperdat3
884 2465 959 2527 ut
1003 2463 1378 2546 turpissime
1423 2464 2062 2549 flagitiosissimeque
2108 2465 2307 2532 disce·
2334 2482 2390 2523 2⁵

189 2568 255 2617 72
295 2548 432 2632 dat,
486 2548 650 2612 nihil
707 2548 785 2615 de
841 2551 975 2615 suis
1030 2552 1358 2617 veteribus
1415 2553 1812 2617 ornamentis
1858 2554 2162 2638 requiret.
2244 2554 2306 2618 A

289 2597 482 2701 nob'is
535 2637 777 2703 multos
833 2638 1089 2704 obsides
1143 2639 1346 2705 habet
1397 2640 1678 2725 populus
1728 2641 2087 2725 Romanus,
2143 2662 2308 2726 quos

289 2728 365 2790 ut
390 2725 744 2791 incolumes
773 2748 1171 2812 conservare,
1195 2728 1386 2811 tueri,
1414 2728 1796 2793 confirmare
1824 2751 1899 2795 ac
1925 2750 2307 2813 recuperare

289 2814 641 2898 possimus,
698 2815 876 2880 omni
928 2816 1180 2880 ratione
1235 2817 1360 2881 erit
1415 2816 1882 2901 dimicandum3
1937 2817 2139 2883 habet
2187 2818 2307 2882 ho·

287 2923 531 2985 norem,
579 2923 768 2986 quem
815 2902 1116 2987 petimus,
1162 2903 1363 2968 habet
1409 2925 1610 2988 spem,
1657 2927 1851 2988 quam
1897 2906 2305 2990 propositam
2334 2921 2391 2962 ³⁰

287 2990 479 3054 nobis
532 2990 874 3074 habemus,
932 2990 1135 3055 habet
1189 2992 1736 3058 existimationem
1791 2994 1999 3058 multo
2055 2993 2309 3077 sudore,

289 3077 514 3143 labore
569 3078 943 3164 vigiliisque
989 3078 1357 3164 collectam,
1412 3084 1513 3164 ut,
1568 3081 1625 3144 si
1668 3081 1738 3145 in
1781 3081 1905 3147 hac
1949 3103 2146 3147 causa
2188 3103 2277 3147 no

289 3169 499 3231 strum
573 3166 858 3232 officium
924 3188 998 3231 ac
1062 3167 1471 3253 diligentiam
1534 3169 2053 3254 probaverimuS,
2126 3169 2307 3253 haec,

289 3275 452 3336 quae
498 3252 649 3338 dixi,
697 3254 976 3319 retinere
1020 3275 1138 3337 per
1184 3256 1496 3339 populum
1542 3255 1910 3322 Romanum
1954 3258 2308 3323 incolumia

288 3361 363 3405 66
391 3341 576 3405 salva
609 3342 964 3426 possimus3
1004 3343 1060 3405 si
1095 3343 1424 3407 tantulum
1464 3343 1780 3409 offensum
1816 3345 2306 3429 titubatumque
2336 3362 2393 3402 ³⁵

288 3426 401 3510 sit,
446 3430 523 3490 ut
559 3448 661 3512 ea,
708 3451 871 3530 quae
919 3429 1308 3515 singillatim
1355 3453 1430 3497 ac
1476 3431 1587 3497 diu
1631 3433 1906 3498 collecta
1951 3437 2128 3518 sunt,
2174 3455 2306 3498 uno

182 3524 249 3572 73
287 3517 580 3598 tempore
624 3516 927 3581 universa
969 3517 1335 3601 perdamus.
1419 3516 1850 3606 Quapropter,
1895 3520 2157 3605 iudices,
2200 3543 2311 3586 ve-
