<?xml version="1.0" encoding="UTF-8"?>
<!DOCTYPE html PUBLIC "-//W3C//DTD XHTML 1.0 Transitional//EN"
    "http://www.w3.org/TR/xhtml1/DTD/xhtml1-transitional.dtd">
<html xmlns="http://www.w3.org/1999/xhtml" xml:lang="en" lang="en">
 <head>
  <title>
</title>
<meta http-equiv="Content-Type" content="text/html;charset=utf-8" />
  <meta name='ocr-system' content='tesseract 3.04.00' />
  <meta name='ocr-capabilities' content='ocr_page ocr_carea ocr_par ocr_line ocrx_word'/>
</head>
<body>
  <div class='ocr_page' id='page_1' title='image "./scriptaquaemans00klotgoog_0163.png"; bbox 0 0 2566 4016; ppageno 0'>
   <div class='ocr_carea' id='block_1_1' title="bbox 846 236 2241 319">
    <p class='ocr_par' dir='ltr' id='par_1_1' title="bbox 846 236 2241 319">
     <span class='ocr_line' id='line_1_1' title="bbox 846 236 2241 319; baseline 0.009 -27"><span class='ocrx_word' id='word_1_1' title='bbox 846 236 999 292; x_wconf 81' lang='lat' dir='ltr'>CAP.</span> <span class='ocrx_word' id='word_1_2' title='bbox 1047 243 1251 292; x_wconf 79' lang='lat'><strong>13—15</strong></span> <span class='ocrx_word' id='word_1_3' title='bbox 1291 243 1321 303; x_wconf 65' lang='grc' dir='ltr'><strong>ς</strong></span> <span class='ocrx_word' id='word_1_4' title='bbox 1349 244 1575 294; x_wconf 76' lang='lat'><strong>36-44.</strong></span> <span class='ocrx_word' id='word_1_5' title='bbox 2141 241 2241 319; x_wconf 77' lang='lat'>45,</span> 
     </span>
    </p>
   </div>
   <div class='ocr_carea' id='block_1_2' title="bbox 132 379 2236 1259">
    <p class='ocr_par' dir='ltr' id='par_1_2' title="bbox 132 379 2236 1259">
     <span class='ocr_line' id='line_1_2' title="bbox 201 379 2230 468; baseline 0 -20"><span class='ocrx_word' id='word_1_6' title='bbox 201 387 281 448; x_wconf 92' lang='lat' dir='ltr'>ut</span> <span class='ocrx_word' id='word_1_7' title='bbox 334 382 499 446; x_wconf 91' lang='lat' dir='ltr'>illud</span> <span class='ocrx_word' id='word_1_8' title='bbox 553 379 931 446; x_wconf 77' lang='lat' dir='ltr'>incredibile</span> <span class='ocrx_word' id='word_1_9' title='bbox 986 384 1112 464; x_wconf 91' lang='lat' dir='ltr'>est,</span> <span class='ocrx_word' id='word_1_10' title='bbox 1177 385 1453 446; x_wconf 91' lang='lat' dir='ltr'>mortem</span> <span class='ocrx_word' id='word_1_11' title='bbox 1509 383 1801 448; x_wconf 87' lang='lat' dir='ltr'>oblatam</span> <span class='ocrx_word' id='word_1_12' title='bbox 1857 404 1997 449; x_wconf 86' lang='lat' dir='ltr'>esse</span> <span class='ocrx_word' id='word_1_13' title='bbox 2056 385 2230 468; x_wconf 89' lang='lat' dir='ltr'>patri</span> 
     </span>
     <span class='ocr_line' id='line_1_3' title="bbox 204 468 2230 554; baseline 0 -18"><span class='ocrx_word' id='word_1_14' title='bbox 204 495 245 536; x_wconf 90' lang='lat' dir='ltr'>a</span> <span class='ocrx_word' id='word_1_15' title='bbox 290 471 429 535; x_wconf 91' lang='lat' dir='ltr'>filio</span> <span class='ocrx_word' id='word_1_16' title='bbox 478 469 618 534; x_wconf 85' lang='lat' dir='ltr'>sine</span> <span class='ocrx_word' id='word_1_17' title='bbox 663 468 963 554; x_wconf 79' lang='lat' dir='ltr'>plurimis</span> <span class='ocrx_word' id='word_1_18' title='bbox 1010 472 1076 532; x_wconf 91' lang='lat' dir='ltr'>et</span> <span class='ocrx_word' id='word_1_19' title='bbox 1122 469 1421 534; x_wconf 86' lang='lat' dir='ltr'>maximis</span> <span class='ocrx_word' id='word_1_20' title='bbox 1475 471 1714 553; x_wconf 71' lang='lat' dir='ltr'>causiS,</span> <span class='ocrx_word' id='word_1_21' title='bbox 1769 471 1862 536; x_wconf 85' lang='lat' dir='ltr'>sic</span> <span class='ocrx_word' id='word_1_22' title='bbox 1916 471 2039 536; x_wconf 90' lang='lat' dir='ltr'>hoc</span> <span class='ocrx_word' id='word_1_23' title='bbox 2091 474 2230 537; x_wconf 82' lang='lat' dir='ltr'>veri</span> 
     </span>
     <span class='ocr_line' id='line_1_4' title="bbox 206 555 2230 641; baseline 0 -17"><span class='ocrx_word' id='word_1_24' title='bbox 206 559 421 624; x_wconf 86' lang='lat' dir='ltr'>simile</span> <span class='ocrx_word' id='word_1_25' title='bbox 477 578 611 624; x_wconf 89' lang='lat' dir='ltr'>non</span> <span class='ocrx_word' id='word_1_26' title='bbox 658 560 785 639; x_wconf 92' lang='lat' dir='ltr'>est,</span> <span class='ocrx_word' id='word_1_27' title='bbox 841 555 987 621; x_wconf 91' lang='lat' dir='ltr'>odio</span> <span class='ocrx_word' id='word_1_28' title='bbox 1032 556 1232 621; x_wconf 85' lang='lat' dir='ltr'>fuisse</span> <span class='ocrx_word' id='word_1_29' title='bbox 1278 558 1538 641; x_wconf 89' lang='lat' dir='ltr'>parenti</span> <span class='ocrx_word' id='word_1_30' title='bbox 1582 558 1788 623; x_wconf 90' lang='lat' dir='ltr'>filium</span> <span class='ocrx_word' id='word_1_31' title='bbox 1837 558 1973 623; x_wconf 90' lang='lat' dir='ltr'>sine</span> <span class='ocrx_word' id='word_1_32' title='bbox 2022 561 2230 624; x_wconf 90' lang='lat' dir='ltr'>causis</span> 
     </span>
     <span class='ocr_line' id='line_1_5' title="bbox 205 644 2232 732; baseline 0 -21"><span class='ocrx_word' id='word_1_33' title='bbox 205 646 436 711; x_wconf 90' lang='lat' dir='ltr'>multis</span> <span class='ocrx_word' id='word_1_34' title='bbox 484 649 550 709; x_wconf 92' lang='lat' dir='ltr'>et</span> <span class='ocrx_word' id='word_1_35' title='bbox 595 644 853 730; x_wconf 81' lang='lat' dir='ltr'>magnis</span> <span class='ocrx_word' id='word_1_36' title='bbox 900 648 965 707; x_wconf 91' lang='lat' dir='ltr'>et</span> <span class='ocrx_word' id='word_1_37' title='bbox 1010 645 1408 711; x_wconf 88' lang='lat' dir='ltr'>necessariis.</span> <span class='ocrx_word' id='word_1_38' title='bbox 1480 644 1730 711; x_wconf 83' lang='lat' dir='ltr'>Rursus</span> <span class='ocrx_word' id='word_1_39' title='bbox 1767 646 1970 732; x_wconf 79' lang='lat' dir='ltr'>igitur</span> <span class='ocrx_word' id='word_1_40' title='bbox 2008 647 2232 711; x_wconf 89' lang='lat' dir='ltr'>eodem</span> 
     </span>
     <span class='ocr_line' id='line_1_6' title="bbox 152 734 2234 816; baseline -0.001 -16"><span class='ocrx_word' id='word_1_41' title='bbox 152 758 179 800; x_wconf 80' lang='lat'><strong>5</strong></span> <span class='ocrx_word' id='word_1_42' title='bbox 204 738 612 799; x_wconf 84' lang='lat' dir='ltr'>revertamur</span> <span class='ocrx_word' id='word_1_43' title='bbox 658 736 725 797; x_wconf 91' lang='lat' dir='ltr'>et</span> <span class='ocrx_word' id='word_1_44' title='bbox 771 734 1154 815; x_wconf 78' lang='lat' dir='ltr'>quaeramus</span> <span class='ocrx_word' id='word_1_45' title='bbox 1169 783 1184 810; x_wconf 92' lang='lat'>,</span> <span class='ocrx_word' id='word_1_46' title='bbox 1231 755 1395 816; x_wconf 89' lang='lat' dir='ltr'>quae</span> <span class='ocrx_word' id='word_1_47' title='bbox 1441 737 1630 799; x_wconf 89' lang='lat' dir='ltr'>tanta</span> <span class='ocrx_word' id='word_1_48' title='bbox 1672 734 1835 800; x_wconf 81' lang='lat' dir='ltr'>vitia</span> <span class='ocrx_word' id='word_1_49' title='bbox 1878 735 2120 800; x_wconf 86' lang='lat' dir='ltr'>fuerint</span> <span class='ocrx_word' id='word_1_50' title='bbox 2165 736 2234 798; x_wconf 90' lang='lat' dir='ltr'>in</span> 
     </span>
     <span class='ocr_line' id='line_1_7' title="bbox 205 820 2233 908; baseline -0 -20"><span class='ocrx_word' id='word_1_51' title='bbox 205 823 397 888; x_wconf 83' lang='lat' dir='ltr'>unico</span> <span class='ocrx_word' id='word_1_52' title='bbox 444 822 602 904; x_wconf 88' lang='lat' dir='ltr'>filio,</span> <span class='ocrx_word' id='word_1_53' title='bbox 648 841 847 904; x_wconf 89' lang='lat' dir='ltr'>quare</span> <span class='ocrx_word' id='word_1_54' title='bbox 891 820 948 883; x_wconf 88' lang='lat' dir='ltr'>is</span> <span class='ocrx_word' id='word_1_55' title='bbox 995 821 1172 905; x_wconf 91' lang='lat' dir='ltr'>patri</span> <span class='ocrx_word' id='word_1_56' title='bbox 1216 821 1602 905; x_wconf 77' lang='lat' dir='ltr'>displiceret.</span> <span class='ocrx_word' id='word_1_57' title='bbox 1683 822 1777 886; x_wconf 91' lang='lat' dir='ltr'>At</span> <span class='ocrx_word' id='word_1_58' title='bbox 1820 823 2233 908; x_wconf 90' lang='lat' dir='ltr'>perspicuum</span> 
     </span>
     <span class='ocr_line' id='line_1_8' title="bbox 207 907 2232 994; baseline 0 -19"><span class='ocrx_word' id='word_1_59' title='bbox 207 914 311 975; x_wconf 89' lang='lat' dir='ltr'>est</span> <span class='ocrx_word' id='word_1_60' title='bbox 366 910 618 973; x_wconf 91' lang='lat' dir='ltr'>nullum</span> <span class='ocrx_word' id='word_1_61' title='bbox 672 907 892 973; x_wconf 88' lang='lat' dir='ltr'>fuisse.</span> <span class='ocrx_word' id='word_1_62' title='bbox 990 909 1187 974; x_wconf 91' lang='lat' dir='ltr'>Pater</span> <span class='ocrx_word' id='word_1_63' title='bbox 1239 909 1444 993; x_wconf 88' lang='lat' dir='ltr'>igitur</span> <span class='ocrx_word' id='word_1_64' title='bbox 1504 932 1751 993; x_wconf 90' lang='lat' dir='ltr'>amens,</span> <span class='ocrx_word' id='word_1_65' title='bbox 1818 912 1929 994; x_wconf 89' lang='lat' dir='ltr'>qui</span> <span class='ocrx_word' id='word_1_66' title='bbox 1989 911 2232 976; x_wconf 87' lang='lat' dir='ltr'>odisset</span> 
     </span>
     <span class='ocr_line' id='line_1_9' title="bbox 209 996 2232 1083; baseline 0 -20"><span class='ocrx_word' id='word_1_67' title='bbox 209 1020 359 1063; x_wconf 90' lang='lat' dir='ltr'>eum</span> <span class='ocrx_word' id='word_1_68' title='bbox 406 998 544 1061; x_wconf 89' lang='lat' dir='ltr'>sine</span> <span class='ocrx_word' id='word_1_69' title='bbox 590 1017 802 1079; x_wconf 90' lang='lat' dir='ltr'>causa,</span> <span class='ocrx_word' id='word_1_70' title='bbox 851 1017 1040 1079; x_wconf 89' lang='lat' dir='ltr'>quem</span> <span class='ocrx_word' id='word_1_71' title='bbox 1084 999 1505 1081; x_wconf 75' lang='lat' dir='ltr'>procrearat?</span> <span class='ocrx_word' id='word_1_72' title='bbox 1579 996 1671 1062; x_wconf 89' lang='lat' dir='ltr'>At</span> <span class='ocrx_word' id='word_1_73' title='bbox 1714 998 1772 1062; x_wconf 89' lang='lat' dir='ltr'>is</span> <span class='ocrx_word' id='word_1_74' title='bbox 1811 999 2069 1083; x_wconf 90' lang='lat' dir='ltr'>quidem</span> <span class='ocrx_word' id='word_1_75' title='bbox 2106 999 2232 1063; x_wconf 85' lang='lat' dir='ltr'>fuit</span> 
     </span>
     <span class='ocr_line' id='line_1_10' title="bbox 208 1083 2236 1171; baseline -0 -19"><span class='ocrx_word' id='word_1_76' title='bbox 208 1086 501 1152; x_wconf 90' lang='lat' dir='ltr'>omnium</span> <span class='ocrx_word' id='word_1_77' title='bbox 556 1084 1138 1151; x_wconf 87' lang='lat' dir='ltr'>constantissimus.</span> <span class='ocrx_word' id='word_1_78' title='bbox 1209 1083 1392 1169; x_wconf 81' lang='lat' dir='ltr'>Ergo</span> <span class='ocrx_word' id='word_1_79' title='bbox 1438 1086 1602 1151; x_wconf 89' lang='lat' dir='ltr'>illud</span> <span class='ocrx_word' id='word_1_80' title='bbox 1645 1087 1779 1150; x_wconf 88' lang='lat' dir='ltr'>iam</span> <span class='ocrx_word' id='word_1_81' title='bbox 1823 1087 2236 1171; x_wconf 88' lang='lat' dir='ltr'>perspicuum</span> 
     </span>
     <span class='ocr_line' id='line_1_11' title="bbox 132 1172 2233 1259; baseline -0.003 -17"><span class='ocrx_word' id='word_1_82' title='bbox 132 1204 183 1242; x_wconf 84' lang='lat'>10</span> <span class='ocrx_word' id='word_1_83' title='bbox 208 1173 503 1259; x_wconf 83' lang='lat' dir='ltr'>profecto</span> <span class='ocrx_word' id='word_1_84' title='bbox 568 1175 696 1255; x_wconf 87' lang='lat' dir='ltr'>est,</span> <span class='ocrx_word' id='word_1_85' title='bbox 761 1172 818 1236; x_wconf 91' lang='lat' dir='ltr'>si</span> <span class='ocrx_word' id='word_1_86' title='bbox 879 1194 1086 1257; x_wconf 90' lang='lat' dir='ltr'>neque</span> <span class='ocrx_word' id='word_1_87' title='bbox 1152 1194 1375 1236; x_wconf 87' lang='lat' dir='ltr'>amens</span> <span class='ocrx_word' id='word_1_88' title='bbox 1442 1177 1628 1256; x_wconf 89' lang='lat' dir='ltr'>pater</span> <span class='ocrx_word' id='word_1_89' title='bbox 1680 1193 1889 1256; x_wconf 89' lang='lat' dir='ltr'>neque</span> <span class='ocrx_word' id='word_1_90' title='bbox 1942 1172 2233 1257; x_wconf 90' lang='lat' dir='ltr'>perditus</span> 
     </span>
    </p>
   </div>
   <div class='ocr_carea' id='block_1_3' title="bbox 207 1259 2232 1414">
    <p class='ocr_par' dir='ltr' id='par_1_3' title="bbox 207 1259 2232 1414">
     <span class='ocr_line' id='line_1_12' title="bbox 207 1259 2232 1414; baseline -0.001 -88"><span class='ocrx_word' id='word_1_91' title='bbox 207 1262 382 1414; x_wconf 39' lang='lat' dir='ltr'>{gli-us</span> <span class='ocrx_word' id='word_1_92' title='bbox 397 1260 660 1412; x_wconf 57' lang='lat' dir='ltr'>fifilmit&#39;</span> <span class='ocrx_word' id='word_1_93' title='bbox 715 1281 921 1343; x_wconf 89' lang='lat' dir='ltr'>neque</span> <span class='ocrx_word' id='word_1_94' title='bbox 977 1259 1109 1324; x_wconf 90' lang='lat' dir='ltr'>odii</span> <span class='ocrx_word' id='word_1_95' title='bbox 1162 1280 1424 1324; x_wconf 89' lang='lat' dir='ltr'>causam</span> <span class='ocrx_word' id='word_1_96' title='bbox 1479 1261 1653 1344; x_wconf 89' lang='lat' dir='ltr'>patri</span> <span class='ocrx_word' id='word_1_97' title='bbox 1710 1281 1916 1343; x_wconf 90' lang='lat' dir='ltr'>neque</span> <span class='ocrx_word' id='word_1_98' title='bbox 1973 1261 2232 1324; x_wconf 88' lang='lat' dir='ltr'>sceleris</span> 
     </span>
     <span class='ocr_line' id='line_1_13' title="bbox 287 1369 615 1413; baseline -0.006 0"><span class='ocrx_word' id='word_1_99' title='bbox 287 1371 350 1413; x_wconf 91' lang='lat'>10</span> <span class='ocrx_word' id='word_1_100' title='bbox 493 1369 615 1412; x_wconf 89' lang='lat' dir='ltr'>sse.</span> 
     </span>
    </p>
   </div>
   <div class='ocr_carea' id='block_1_4' title="bbox 346 1416 2339 1519">
    <p class='ocr_par' dir='ltr' id='par_1_4' title="bbox 346 1416 2339 1519">
     <span class='ocr_line' id='line_1_14' title="bbox 346 1416 2339 1519; baseline 0 -18"><span class='ocrx_word' id='word_1_101' title='bbox 346 1435 649 1519; x_wconf 73' lang='lat' dir='ltr'>‘Nescio&#39;,</span> <span class='ocrx_word' id='word_1_102' title='bbox 676 1435 908 1519; x_wconf 89' lang='lat' dir='ltr'>inquit,</span> <span class='ocrx_word' id='word_1_103' title='bbox 938 1434 1124 1519; x_wconf 76' lang='lat' dir='ltr'>‘quae</span> <span class='ocrx_word' id='word_1_104' title='bbox 1153 1456 1349 1500; x_wconf 88' lang='lat' dir='ltr'>causa</span> <span class='ocrx_word' id='word_1_105' title='bbox 1377 1435 1508 1499; x_wconf 92' lang='lat' dir='ltr'>odii</span> <span class='ocrx_word' id='word_1_106' title='bbox 1533 1434 1760 1519; x_wconf 81' lang='lat' dir='ltr'>fuerit3</span> <span class='ocrx_word' id='word_1_107' title='bbox 1786 1434 1987 1501; x_wconf 83' lang='lat' dir='ltr'>fuisse</span> <span class='ocrx_word' id='word_1_108' title='bbox 2015 1436 2233 1501; x_wconf 93' lang='lat' dir='ltr'>odium</span> <span class='ocrx_word' id='word_1_109' title='bbox 2256 1416 2339 1479; x_wconf 79' lang='lat'>15</span> 
     </span>
    </p>
   </div>
   <div class='ocr_carea' id='block_1_5' title="bbox 130 1522 2242 3629">
    <p class='ocr_par' dir='ltr' id='par_1_5' title="bbox 130 1522 2242 3629">
     <span class='ocr_line' id='line_1_15' title="bbox 209 1522 2234 1610; baseline 0 -21"><span class='ocrx_word' id='word_1_110' title='bbox 209 1525 554 1610; x_wconf 84' lang='lat' dir='ltr'>intellego,</span> <span class='ocrx_word' id='word_1_111' title='bbox 613 1523 764 1607; x_wconf 91' lang='lat' dir='ltr'>quia</span> <span class='ocrx_word' id='word_1_112' title='bbox 811 1526 1029 1606; x_wconf 88' lang='lat' dir='ltr'>antea,</span> <span class='ocrx_word' id='word_1_113' title='bbox 1087 1545 1230 1588; x_wconf 92' lang='lat' dir='ltr'>cum</span> <span class='ocrx_word' id='word_1_114' title='bbox 1278 1522 1438 1588; x_wconf 91' lang='lat' dir='ltr'>duos</span> <span class='ocrx_word' id='word_1_115' title='bbox 1484 1523 1656 1588; x_wconf 89' lang='lat' dir='ltr'>filios</span> <span class='ocrx_word' id='word_1_116' title='bbox 1701 1523 1999 1608; x_wconf 86' lang='lat' dir='ltr'>haberet,</span> <span class='ocrx_word' id='word_1_117' title='bbox 2044 1524 2234 1590; x_wconf 93' lang='lat' dir='ltr'>illum</span> 
     </span>
     <span class='ocr_line' id='line_1_16' title="bbox 133 1612 2235 1697; baseline -0.003 -15"><span class='ocrx_word' id='word_1_118' title='bbox 133 1640 185 1682; x_wconf 78' lang='lat'>15</span> <span class='ocrx_word' id='word_1_119' title='bbox 212 1615 510 1695; x_wconf 87' lang='lat' dir='ltr'>alterum,</span> <span class='ocrx_word' id='word_1_120' title='bbox 548 1612 659 1695; x_wconf 91' lang='lat' dir='ltr'>qui</span> <span class='ocrx_word' id='word_1_121' title='bbox 687 1615 982 1675; x_wconf 88' lang='lat' dir='ltr'>mortuus</span> <span class='ocrx_word' id='word_1_122' title='bbox 1017 1614 1136 1694; x_wconf 89' lang='lat' dir='ltr'>est,</span> <span class='ocrx_word' id='word_1_123' title='bbox 1174 1633 1391 1675; x_wconf 90' lang='lat' dir='ltr'>secum</span> <span class='ocrx_word' id='word_1_124' title='bbox 1430 1612 1607 1676; x_wconf 88' lang='lat' dir='ltr'>omni</span> <span class='ocrx_word' id='word_1_125' title='bbox 1641 1616 1935 1697; x_wconf 89' lang='lat' dir='ltr'>tempore</span> <span class='ocrx_word' id='word_1_126' title='bbox 1970 1613 2235 1678; x_wconf 86' lang='lat' dir='ltr'>volebat</span> 
     </span>
     <span class='ocr_line' id='line_1_17' title="bbox 212 1698 2233 1785; baseline -0.001 -18"><span class='ocrx_word' id='word_1_127' title='bbox 212 1724 370 1784; x_wconf 87' lang='lat' dir='ltr'>esse,</span> <span class='ocrx_word' id='word_1_128' title='bbox 414 1701 589 1764; x_wconf 88' lang='lat' dir='ltr'>hunc</span> <span class='ocrx_word' id='word_1_129' title='bbox 633 1700 702 1764; x_wconf 91' lang='lat' dir='ltr'>in</span> <span class='ocrx_word' id='word_1_130' title='bbox 747 1698 1014 1783; x_wconf 87' lang='lat' dir='ltr'>praedia</span> <span class='ocrx_word' id='word_1_131' title='bbox 1054 1699 1298 1764; x_wconf 87' lang='lat' dir='ltr'>rustica</span> <span class='ocrx_word' id='word_1_132' title='bbox 1336 1700 1703 1785; x_wconf 87' lang='lat' dir='ltr'>relegarat.&#39;</span> <span class='ocrx_word' id='word_1_133' title='bbox 1777 1700 1963 1776; x_wconf 85' lang='lat' dir='ltr'>Quod</span> <span class='ocrx_word' id='word_1_134' title='bbox 1997 1699 2233 1766; x_wconf 85' lang='lat' dir='ltr'>Erucio</span> 
     </span>
     <span class='ocr_line' id='line_1_18' title="bbox 212 1787 2235 1873; baseline -0.002 -18"><span class='ocrx_word' id='word_1_135' title='bbox 212 1789 548 1855; x_wconf 71' lang='lat' dir='ltr'>accidebat</span> <span class='ocrx_word' id='word_1_136' title='bbox 617 1787 688 1851; x_wconf 89' lang='lat' dir='ltr'>in</span> <span class='ocrx_word' id='word_1_137' title='bbox 759 1787 936 1851; x_wconf 88' lang='lat' dir='ltr'>mala</span> <span class='ocrx_word' id='word_1_138' title='bbox 1006 1787 1480 1873; x_wconf 71' lang='lat' dir='ltr'>nugatoriaque</span> <span class='ocrx_word' id='word_1_139' title='bbox 1553 1788 1985 1869; x_wconf 77' lang='lat' dir='ltr'>accusatione,</span> <span class='ocrx_word' id='word_1_140' title='bbox 2062 1788 2235 1851; x_wconf 91' lang='lat' dir='ltr'>idem</span> 
     </span>
     <span class='ocr_line' id='line_1_19' title="bbox 213 1872 2232 1959; baseline -0.001 -19"><span class='ocrx_word' id='word_1_141' title='bbox 213 1876 382 1940; x_wconf 89' lang='lat' dir='ltr'>mihi</span> <span class='ocrx_word' id='word_1_142' title='bbox 443 1895 565 1939; x_wconf 91' lang='lat' dir='ltr'>usu</span> <span class='ocrx_word' id='word_1_143' title='bbox 624 1874 803 1944; x_wconf 81' lang='lat' dir='ltr'>venit</span> <span class='ocrx_word' id='word_1_144' title='bbox 867 1875 936 1938; x_wconf 92' lang='lat' dir='ltr'>in</span> <span class='ocrx_word' id='word_1_145' title='bbox 995 1897 1189 1940; x_wconf 89' lang='lat' dir='ltr'>causa</span> <span class='ocrx_word' id='word_1_146' title='bbox 1264 1876 1530 1959; x_wconf 89' lang='lat' dir='ltr'>optima.</span> <span class='ocrx_word' id='word_1_147' title='bbox 1636 1872 1761 1939; x_wconf 87' lang='lat' dir='ltr'>Ille</span> <span class='ocrx_word' id='word_1_148' title='bbox 1843 1896 1969 1958; x_wconf 89' lang='lat' dir='ltr'>quo</span> <span class='ocrx_word' id='word_1_149' title='bbox 2037 1874 2232 1938; x_wconf 91' lang='lat' dir='ltr'>modo</span> 
     </span>
     <span class='ocr_line' id='line_1_20' title="bbox 215 1961 2234 2046; baseline -0.002 -16"><span class='ocrx_word' id='word_1_150' title='bbox 215 1964 463 2030; x_wconf 89' lang='lat' dir='ltr'>crimen</span> <span class='ocrx_word' id='word_1_151' title='bbox 534 1962 1049 2030; x_wconf 89' lang='lat' dir='ltr'>commenticium</span> <span class='ocrx_word' id='word_1_152' title='bbox 1123 1962 1562 2044; x_wconf 89' lang='lat' dir='ltr'>confirmaret,</span> <span class='ocrx_word' id='word_1_153' title='bbox 1644 1982 1777 2026; x_wconf 92' lang='lat' dir='ltr'>non</span> <span class='ocrx_word' id='word_1_154' title='bbox 1847 1961 2234 2046; x_wconf 81' lang='lat' dir='ltr'>inveniebat,</span> 
     </span>
     <span class='ocr_line' id='line_1_21' title="bbox 132 2049 2235 2138; baseline -0.003 -17"><span class='ocrx_word' id='word_1_155' title='bbox 132 2081 188 2121; x_wconf 72' lang='lat' dir='ltr'>so</span> <span class='ocrx_word' id='word_1_156' title='bbox 217 2074 341 2138; x_wconf 83' lang='lat' dir='ltr'>ego</span> <span class='ocrx_word' id='word_1_157' title='bbox 404 2072 507 2116; x_wconf 88' lang='lat' dir='ltr'>res</span> <span class='ocrx_word' id='word_1_158' title='bbox 561 2055 700 2117; x_wconf 87' lang='lat' dir='ltr'>tam</span> <span class='ocrx_word' id='word_1_159' title='bbox 753 2052 928 2116; x_wconf 81' lang='lat' dir='ltr'>leves</span> <span class='ocrx_word' id='word_1_160' title='bbox 987 2072 1115 2135; x_wconf 89' lang='lat' dir='ltr'>qua</span> <span class='ocrx_word' id='word_1_161' title='bbox 1171 2050 1422 2114; x_wconf 88' lang='lat' dir='ltr'>ratione</span> <span class='ocrx_word' id='word_1_162' title='bbox 1476 2049 1798 2113; x_wconf 90' lang='lat' dir='ltr'>infirmem</span> <span class='ocrx_word' id='word_1_163' title='bbox 1853 2071 1926 2113; x_wconf 87' lang='lat' dir='ltr'>ac</span> <span class='ocrx_word' id='word_1_164' title='bbox 1973 2049 2235 2133; x_wconf 88' lang='lat' dir='ltr'>diluam,</span> 
     </span>
     <span class='ocr_line' id='line_1_22' title="bbox 214 2135 2234 2226; baseline -0.002 -20"><span class='ocrx_word' id='word_1_165' title='bbox 214 2140 498 2226; x_wconf 89' lang='lat' dir='ltr'>reperire</span> <span class='ocrx_word' id='word_1_166' title='bbox 549 2161 682 2204; x_wconf 90' lang='lat' dir='ltr'>non</span> <span class='ocrx_word' id='word_1_167' title='bbox 734 2161 1019 2224; x_wconf 90' lang='lat' dir='ltr'>possum.</span> <span class='ocrx_word' id='word_1_168' title='bbox 1110 2137 1279 2213; x_wconf 84' lang='lat' dir='ltr'>Quid</span> <span class='ocrx_word' id='word_1_169' title='bbox 1335 2137 1460 2221; x_wconf 91' lang='lat' dir='ltr'>ais,</span> <span class='ocrx_word' id='word_1_170' title='bbox 1512 2135 1753 2201; x_wconf 79' lang='lat' dir='ltr'>Eruci?</span> <span class='ocrx_word' id='word_1_171' title='bbox 1804 2140 1908 2202; x_wconf 90' lang='lat' dir='ltr'>tot</span> <span class='ocrx_word' id='word_1_172' title='bbox 1952 2139 2234 2222; x_wconf 88' lang='lat' dir='ltr'>praedia,</span> 
     </span>
     <span class='ocr_line' id='line_1_23' title="bbox 212 2224 2234 2312; baseline -0.001 -18"><span class='ocrx_word' id='word_1_173' title='bbox 212 2235 352 2294; x_wconf 88' lang='lat' dir='ltr'>tam</span> <span class='ocrx_word' id='word_1_174' title='bbox 415 2227 707 2312; x_wconf 88' lang='lat' dir='ltr'>pulchra,</span> <span class='ocrx_word' id='word_1_175' title='bbox 769 2231 907 2294; x_wconf 89' lang='lat' dir='ltr'>tam</span> <span class='ocrx_word' id='word_1_176' title='bbox 973 2226 1309 2292; x_wconf 83' lang='lat' dir='ltr'>fructuosa</span> <span class='ocrx_word' id='word_1_177' title='bbox 1372 2224 1513 2290; x_wconf 85' lang='lat' dir='ltr'>Sex.</span> <span class='ocrx_word' id='word_1_178' title='bbox 1579 2224 1849 2292; x_wconf 86' lang='lat' dir='ltr'>Roscius</span> <span class='ocrx_word' id='word_1_179' title='bbox 1914 2224 2051 2290; x_wconf 90' lang='lat' dir='ltr'>filio</span> <span class='ocrx_word' id='word_1_180' title='bbox 2118 2248 2234 2291; x_wconf 86' lang='lat' dir='ltr'>suo</span> 
     </span>
     <span class='ocr_line' id='line_1_24' title="bbox 212 2314 2236 2403; baseline -0.001 -21"><span class='ocrx_word' id='word_1_181' title='bbox 212 2316 636 2403; x_wconf 88' lang='lat' dir='ltr'>relegationis</span> <span class='ocrx_word' id='word_1_182' title='bbox 702 2337 777 2381; x_wconf 90' lang='lat' dir='ltr'>ac</span> <span class='ocrx_word' id='word_1_183' title='bbox 847 2314 1148 2400; x_wconf 87' lang='lat' dir='ltr'>supplicii</span> <span class='ocrx_word' id='word_1_184' title='bbox 1222 2314 1439 2400; x_wconf 85' lang='lat' dir='ltr'>gratia</span> <span class='ocrx_word' id='word_1_185' title='bbox 1511 2314 1778 2379; x_wconf 89' lang='lat' dir='ltr'>colenda</span> <span class='ocrx_word' id='word_1_186' title='bbox 1851 2335 1924 2379; x_wconf 89' lang='lat' dir='ltr'>ac</span> <span class='ocrx_word' id='word_1_187' title='bbox 1996 2315 2236 2380; x_wconf 82' lang='lat' dir='ltr'>tuenda</span> 
     </span>
     <span class='ocr_line' id='line_1_25' title="bbox 212 2401 2237 2487; baseline -0 -17"><span class='ocrx_word' id='word_1_188' title='bbox 212 2404 617 2471; x_wconf 75' lang='lat' dir='ltr'>tradiderat?</span> <span class='ocrx_word' id='word_1_189' title='bbox 720 2402 929 2478; x_wconf 72' lang='lat' dir='ltr'>Quid?</span> <span class='ocrx_word' id='word_1_190' title='bbox 994 2403 1117 2468; x_wconf 92' lang='lat' dir='ltr'>hoc</span> <span class='ocrx_word' id='word_1_191' title='bbox 1169 2406 1390 2487; x_wconf 85' lang='lat' dir='ltr'>patres</span> <span class='ocrx_word' id='word_1_192' title='bbox 1444 2401 1756 2486; x_wconf 85' lang='lat' dir='ltr'>familias,</span> <span class='ocrx_word' id='word_1_193' title='bbox 1820 2402 1932 2486; x_wconf 89' lang='lat' dir='ltr'>qui</span> <span class='ocrx_word' id='word_1_194' title='bbox 1993 2403 2237 2469; x_wconf 81' lang='lat' dir='ltr'>liberos</span> 
     </span>
     <span class='ocr_line' id='line_1_26' title="bbox 134 2490 2234 2576; baseline -0.001 -17"><span class='ocrx_word' id='word_1_195' title='bbox 134 2519 187 2560; x_wconf 74' lang='lat'>25</span> <span class='ocrx_word' id='word_1_196' title='bbox 213 2494 478 2576; x_wconf 89' lang='lat' dir='ltr'>habent,</span> <span class='ocrx_word' id='word_1_197' title='bbox 523 2490 907 2576; x_wconf 89' lang='lat' dir='ltr'>praesertim</span> <span class='ocrx_word' id='word_1_198' title='bbox 951 2491 1246 2555; x_wconf 85' lang='lat' dir='ltr'>homines</span> <span class='ocrx_word' id='word_1_199' title='bbox 1283 2491 1462 2555; x_wconf 90' lang='lat' dir='ltr'>illius</span> <span class='ocrx_word' id='word_1_200' title='bbox 1494 2490 1734 2554; x_wconf 91' lang='lat' dir='ltr'>ordinis</span> <span class='ocrx_word' id='word_1_201' title='bbox 1763 2512 1840 2555; x_wconf 85' lang='lat' dir='ltr'>ex</span> <span class='ocrx_word' id='word_1_202' title='bbox 1868 2492 2234 2575; x_wconf 87' lang='lat' dir='ltr'>municipiis</span> 
     </span>
     <span class='ocr_line' id='line_1_27' title="bbox 212 2578 2235 2663; baseline -0.002 -17"><span class='ocrx_word' id='word_1_203' title='bbox 212 2580 584 2663; x_wconf 81' lang='lat' dir='ltr'>rusticanis,</span> <span class='ocrx_word' id='word_1_204' title='bbox 628 2599 841 2643; x_wconf 90' lang='lat' dir='ltr'>nonne</span> <span class='ocrx_word' id='word_1_205' title='bbox 878 2578 1365 2662; x_wconf 86' lang='lat' dir='ltr'>optatissimum</span> <span class='ocrx_word' id='word_1_206' title='bbox 1411 2578 1536 2642; x_wconf 89' lang='lat' dir='ltr'>sibi</span> <span class='ocrx_word' id='word_1_207' title='bbox 1579 2582 1815 2662; x_wconf 90' lang='lat' dir='ltr'>putant</span> <span class='ocrx_word' id='word_1_208' title='bbox 1862 2600 2017 2661; x_wconf 90' lang='lat' dir='ltr'>esse,</span> <span class='ocrx_word' id='word_1_209' title='bbox 2062 2580 2235 2643; x_wconf 88' lang='lat' dir='ltr'>filios</span> 
     </span>
     <span class='ocr_line' id='line_1_28' title="bbox 216 2665 2236 2750; baseline -0.002 -16"><span class='ocrx_word' id='word_1_210' title='bbox 216 2690 368 2734; x_wconf 85' lang='lat' dir='ltr'>suos</span> <span class='ocrx_word' id='word_1_211' title='bbox 413 2667 510 2732; x_wconf 89' lang='lat' dir='ltr'>rei</span> <span class='ocrx_word' id='word_1_212' title='bbox 553 2666 867 2732; x_wconf 84' lang='lat' dir='ltr'>familiari</span> <span class='ocrx_word' id='word_1_213' title='bbox 909 2665 1188 2731; x_wconf 86' lang='lat' dir='ltr'>maxime</span> <span class='ocrx_word' id='word_1_214' title='bbox 1225 2666 1466 2730; x_wconf 84' lang='lat' dir='ltr'>servire</span> <span class='ocrx_word' id='word_1_215' title='bbox 1504 2669 1571 2729; x_wconf 88' lang='lat' dir='ltr'>et</span> <span class='ocrx_word' id='word_1_216' title='bbox 1606 2667 1677 2729; x_wconf 89' lang='lat' dir='ltr'>in</span> <span class='ocrx_word' id='word_1_217' title='bbox 1710 2666 1991 2750; x_wconf 88' lang='lat' dir='ltr'>praediis</span> <span class='ocrx_word' id='word_1_218' title='bbox 2028 2666 2236 2730; x_wconf 91' lang='lat' dir='ltr'>colen-</span> 
     </span>
     <span class='ocr_line' id='line_1_29' title="bbox 216 2749 2235 2839; baseline -0.002 -19"><span class='ocrx_word' id='word_1_219' title='bbox 216 2757 320 2820; x_wconf 89' lang='lat' dir='ltr'>dis</span> <span class='ocrx_word' id='word_1_220' title='bbox 349 2749 587 2838; x_wconf 72' lang='lat' dir='ltr'>&#39;operae</span> <span class='ocrx_word' id='word_1_221' title='bbox 624 2753 977 2839; x_wconf 91' lang='lat' dir='ltr'>plurimum</span> <span class='ocrx_word' id='word_1_222' title='bbox 1015 2754 1338 2838; x_wconf 90' lang='lat' dir='ltr'>studiique</span> <span class='ocrx_word' id='word_1_223' title='bbox 1375 2754 1794 2818; x_wconf 75' lang='lat' dir='ltr'>consumere?</span> <span class='ocrx_word' id='word_1_224' title='bbox 1868 2753 1975 2817; x_wconf 91' lang='lat' dir='ltr'>An</span> <span class='ocrx_word' id='word_1_225' title='bbox 2020 2774 2235 2816; x_wconf 89' lang='lat' dir='ltr'>aman·</span> 
     </span>
     <span class='ocr_line' id='line_1_30' title="bbox 215 2839 2236 2925; baseline -0.003 -16"><span class='ocrx_word' id='word_1_226' title='bbox 215 2845 407 2909; x_wconf 87' lang='lat' dir='ltr'>darat</span> <span class='ocrx_word' id='word_1_227' title='bbox 469 2842 639 2908; x_wconf 90' lang='lat' dir='ltr'>hunc</span> <span class='ocrx_word' id='word_1_228' title='bbox 704 2841 822 2924; x_wconf 90' lang='lat' dir='ltr'>sic,</span> <span class='ocrx_word' id='word_1_229' title='bbox 887 2845 961 2906; x_wconf 89' lang='lat' dir='ltr'>ut</span> <span class='ocrx_word' id='word_1_230' title='bbox 1024 2846 1195 2906; x_wconf 88' lang='lat' dir='ltr'>esset</span> <span class='ocrx_word' id='word_1_231' title='bbox 1259 2842 1328 2904; x_wconf 89' lang='lat' dir='ltr'>in</span> <span class='ocrx_word' id='word_1_232' title='bbox 1387 2861 1547 2925; x_wconf 85' lang='lat' dir='ltr'>agro</span> <span class='ocrx_word' id='word_1_233' title='bbox 1604 2863 1679 2906; x_wconf 89' lang='lat' dir='ltr'>ac</span> <span class='ocrx_word' id='word_1_234' title='bbox 1731 2845 1991 2906; x_wconf 89' lang='lat' dir='ltr'>tantum</span> <span class='ocrx_word' id='word_1_235' title='bbox 2045 2839 2236 2903; x_wconf 92' lang='lat' dir='ltr'>modo</span> 
     </span>
     <span class='ocr_line' id='line_1_31' title="bbox 135 2927 2235 3012; baseline -0.003 -17"><span class='ocrx_word' id='word_1_236' title='bbox 135 2955 188 2995; x_wconf 75' lang='lat' dir='ltr'>so</span> <span class='ocrx_word' id='word_1_237' title='bbox 216 2933 501 2998; x_wconf 89' lang='lat' dir='ltr'>aleretur</span> <span class='ocrx_word' id='word_1_238' title='bbox 555 2930 637 2995; x_wconf 89' lang='lat' dir='ltr'>ad</span> <span class='ocrx_word' id='word_1_239' title='bbox 705 2929 961 3012; x_wconf 84' lang='lat' dir='ltr'>villam,</span> <span class='ocrx_word' id='word_1_240' title='bbox 1026 2934 1100 2994; x_wconf 90' lang='lat' dir='ltr'>ut</span> <span class='ocrx_word' id='word_1_241' title='bbox 1163 2930 1515 2994; x_wconf 91' lang='lat' dir='ltr'>commodis</span> <span class='ocrx_word' id='word_1_242' title='bbox 1581 2929 1878 2994; x_wconf 84' lang='lat' dir='ltr'>omnibus</span> <span class='ocrx_word' id='word_1_243' title='bbox 1945 2927 2235 2992; x_wconf 78' lang='lat' dir='ltr'>careret?</span> 
     </span>
     <span class='ocr_line' id='line_1_32' title="bbox 217 3014 2236 3100; baseline -0.003 -16"><span class='ocrx_word' id='word_1_244' title='bbox 217 3019 429 3096; x_wconf 74' lang='lat' dir='ltr'>Quid?</span> <span class='ocrx_word' id='word_1_245' title='bbox 500 3018 558 3081; x_wconf 91' lang='lat' dir='ltr'>si</span> <span class='ocrx_word' id='word_1_246' title='bbox 612 3021 872 3083; x_wconf 85' lang='lat' dir='ltr'>constat</span> <span class='ocrx_word' id='word_1_247' title='bbox 924 3018 1095 3082; x_wconf 86' lang='lat' dir='ltr'>hunc</span> <span class='ocrx_word' id='word_1_248' title='bbox 1123 3022 1126 3025; x_wconf 76' lang='grc'><strong>’</strong></span> <span class='ocrx_word' id='word_1_249' title='bbox 1156 3038 1291 3081; x_wconf 89' lang='lat' dir='ltr'>non</span> <span class='ocrx_word' id='word_1_250' title='bbox 1354 3017 1545 3081; x_wconf 91' lang='lat' dir='ltr'>modo</span> <span class='ocrx_word' id='word_1_251' title='bbox 1610 3016 1893 3082; x_wconf 89' lang='lat' dir='ltr'>colendis</span> <span class='ocrx_word' id='word_1_252' title='bbox 1955 3014 2236 3100; x_wconf 88' lang='lat' dir='ltr'>praediis</span> 
     </span>
     <span class='ocr_line' id='line_1_33' title="bbox 214 3102 2235 3193; baseline -0.003 -21"><span class='ocrx_word' id='word_1_253' title='bbox 214 3106 601 3193; x_wconf 84' lang='lat' dir='ltr'>praefuisse,</span> <span class='ocrx_word' id='word_1_254' title='bbox 661 3106 774 3170; x_wconf 90' lang='lat' dir='ltr'>sed</span> <span class='ocrx_word' id='word_1_255' title='bbox 829 3105 1023 3170; x_wconf 91' lang='lat' dir='ltr'>certis</span> <span class='ocrx_word' id='word_1_256' title='bbox 1077 3104 1293 3169; x_wconf 86' lang='lat' dir='ltr'>fundis</span> <span class='ocrx_word' id='word_1_257' title='bbox 1349 3108 1536 3189; x_wconf 89' lang='lat' dir='ltr'>patre</span> <span class='ocrx_word' id='word_1_258' title='bbox 1589 3105 1738 3169; x_wconf 81' lang='lat' dir='ltr'>vivo</span> <span class='ocrx_word' id='word_1_259' title='bbox 1793 3102 1920 3167; x_wconf 88' lang='lat' dir='ltr'>frui</span> <span class='ocrx_word' id='word_1_260' title='bbox 1968 3102 2235 3166; x_wconf 89' lang='lat' dir='ltr'>solitum</span> 
     </span>
     <span class='ocr_line' id='line_1_34' title="bbox 217 3189 2238 3280; baseline -0.003 -19"><span class='ocrx_word' id='word_1_261' title='bbox 217 3218 374 3280; x_wconf 87' lang='lat' dir='ltr'>esse,</span> <span class='ocrx_word' id='word_1_262' title='bbox 422 3199 729 3259; x_wconf 84' lang='lat' dir='ltr'>tamenne</span> <span class='ocrx_word' id='word_1_263' title='bbox 772 3193 933 3258; x_wconf 89' lang='lat' dir='ltr'>haec</span> <span class='ocrx_word' id='word_1_264' title='bbox 969 3192 1108 3257; x_wconf 85' lang='lat' dir='ltr'>vita</span> <span class='ocrx_word' id='word_1_265' title='bbox 1145 3216 1184 3258; x_wconf 89' lang='lat' dir='ltr'>a</span> <span class='ocrx_word' id='word_1_266' title='bbox 1220 3197 1288 3256; x_wconf 91' lang='lat' dir='ltr'>te</span> <span class='ocrx_word' id='word_1_267' title='bbox 1325 3192 1654 3257; x_wconf 90' lang='lat' dir='ltr'>rusticana</span> <span class='ocrx_word' id='word_1_268' title='bbox 1690 3189 2005 3274; x_wconf 85' lang='lat' dir='ltr'>relegatio</span> <span class='ocrx_word' id='word_1_269' title='bbox 2043 3194 2238 3273; x_wconf 86' lang='lat' dir='ltr'>atque</span> 
     </span>
     <span class='ocr_line' id='line_1_35' title="bbox 216 3277 2240 3367; baseline -0.003 -18"><span class='ocrx_word' id='word_1_270' title='bbox 216 3281 591 3349; x_wconf 86' lang='lat' dir='ltr'>amandatio</span> <span class='ocrx_word' id='word_1_271' title='bbox 632 3281 1112 3367; x_wconf 76' lang='lat' dir='ltr'>appellabitur?</span> <span class='ocrx_word' id='word_1_272' title='bbox 1184 3279 1403 3362; x_wconf 87' lang='lat' dir='ltr'>Vides,</span> <span class='ocrx_word' id='word_1_273' title='bbox 1439 3279 1654 3357; x_wconf 88' lang='lat' dir='ltr'>Eruci,</span> <span class='ocrx_word' id='word_1_274' title='bbox 1693 3281 2006 3360; x_wconf 89' lang='lat' dir='ltr'>quantum</span> <span class='ocrx_word' id='word_1_275' title='bbox 2042 3277 2240 3343; x_wconf 90' lang='lat' dir='ltr'>distet</span> 
     </span>
     <span class='ocr_line' id='line_1_36' title="bbox 130 3364 2241 3459; baseline -0 -26"><span class='ocrx_word' id='word_1_276' title='bbox 130 3392 184 3433; x_wconf 73' lang='lat'>³⁵</span> <span class='ocrx_word' id='word_1_277' title='bbox 216 3369 704 3459; x_wconf 85' lang='lat' dir='ltr'>argumentatio</span> <span class='ocrx_word' id='word_1_278' title='bbox 750 3372 866 3433; x_wconf 88' lang='lat' dir='ltr'>tua</span> <span class='ocrx_word' id='word_1_279' title='bbox 911 3369 994 3433; x_wconf 90' lang='lat' dir='ltr'>ab</span> <span class='ocrx_word' id='word_1_280' title='bbox 1039 3390 1108 3433; x_wconf 89' lang='lat' dir='ltr'>re</span> <span class='ocrx_word' id='word_1_281' title='bbox 1153 3369 1300 3453; x_wconf 89' lang='lat' dir='ltr'>ipsa</span> <span class='ocrx_word' id='word_1_282' title='bbox 1346 3372 1539 3450; x_wconf 88' lang='lat' dir='ltr'>atque</span> <span class='ocrx_word' id='word_1_283' title='bbox 1587 3389 1626 3430; x_wconf 92' lang='lat' dir='ltr'>a</span> <span class='ocrx_word' id='word_1_284' title='bbox 1672 3365 1964 3431; x_wconf 86' lang='lat' dir='ltr'>veritate.</span> <span class='ocrx_word' id='word_1_285' title='bbox 2054 3364 2241 3442; x_wconf 82' lang='lat' dir='ltr'>Quod</span> 
     </span>
     <span class='ocr_line' id='line_1_37' title="bbox 223 3454 2240 3541; baseline -0.002 -17"><span class='ocrx_word' id='word_1_286' title='bbox 223 3457 686 3525; x_wconf 88' lang='lat' dir='ltr'>consuetudine</span> <span class='ocrx_word' id='word_1_287' title='bbox 754 3461 975 3541; x_wconf 89' lang='lat' dir='ltr'>patres</span> <span class='ocrx_word' id='word_1_288' title='bbox 1037 3456 1312 3539; x_wconf 86' lang='lat' dir='ltr'>faciunt,</span> <span class='ocrx_word' id='word_1_289' title='bbox 1376 3455 1444 3518; x_wconf 93' lang='lat' dir='ltr'>id</span> <span class='ocrx_word' id='word_1_290' title='bbox 1498 3454 1684 3538; x_wconf 89' lang='lat' dir='ltr'>quasi</span> <span class='ocrx_word' id='word_1_291' title='bbox 1737 3475 1976 3519; x_wconf 82' lang='lat' dir='ltr'>novum</span> <span class='ocrx_word' id='word_1_292' title='bbox 2029 3477 2240 3540; x_wconf 85' lang='lat' dir='ltr'>repre·</span> 
     </span>
     <span class='ocr_line' id='line_1_38' title="bbox 223 3541 2242 3629; baseline -0.001 -21"><span class='ocrx_word' id='word_1_293' title='bbox 223 3545 482 3628; x_wconf 81' lang='lat' dir='ltr'>hendis3</span> <span class='ocrx_word' id='word_1_294' title='bbox 537 3546 709 3629; x_wconf 88' lang='lat' dir='ltr'>quod</span> <span class='ocrx_word' id='word_1_295' title='bbox 762 3545 1198 3609; x_wconf 87' lang='lat' dir='ltr'>benivolentia</span> <span class='ocrx_word' id='word_1_296' title='bbox 1250 3543 1354 3626; x_wconf 92' lang='lat' dir='ltr'>fit,</span> <span class='ocrx_word' id='word_1_297' title='bbox 1408 3543 1475 3606; x_wconf 91' lang='lat' dir='ltr'>id</span> <span class='ocrx_word' id='word_1_298' title='bbox 1530 3542 1678 3607; x_wconf 93' lang='lat' dir='ltr'>odio</span> <span class='ocrx_word' id='word_1_299' title='bbox 1733 3541 1979 3608; x_wconf 87' lang='lat' dir='ltr'>factum</span> <span class='ocrx_word' id='word_1_300' title='bbox 2032 3545 2242 3609; x_wconf 83' lang='lat' dir='ltr'>crimi-</span> 
     </span>
    </p>
   </div>
   <div class='ocr_carea' id='block_1_6' title="bbox 2268 672 2332 719">
    <p class='ocr_par' dir='ltr' id='par_1_6' title="bbox 2268 672 2332 719">
     <span class='ocr_line' id='line_1_39' title="bbox 2268 672 2332 719; baseline 0.031 -2"><span class='ocrx_word' id='word_1_301' title='bbox 2268 672 2332 719; x_wconf 79' lang='lat'>41</span> 
     </span>
    </p>
   </div>
   <div class='ocr_carea' id='block_1_7' title="bbox 2269 1494 2337 1541">
    <p class='ocr_par' dir='ltr' id='par_1_7' title="bbox 2269 1494 2337 1541">
     <span class='ocr_line' id='line_1_40' title="bbox 2269 1494 2337 1541; baseline 0.015 -1"><span class='ocrx_word' id='word_1_302' title='bbox 2269 1494 2337 1541; x_wconf 79' lang='lat'>42</span> 
     </span>
    </p>
   </div>
   <div class='ocr_carea' id='block_1_8' title="bbox 2271 2159 2338 2206">
    <p class='ocr_par' dir='ltr' id='par_1_8' title="bbox 2271 2159 2338 2206">
     <span class='ocr_line' id='line_1_41' title="bbox 2271 2159 2338 2206; baseline 0 0"><span class='ocrx_word' id='word_1_303' title='bbox 2271 2159 2338 2206; x_wconf 84' lang='lat'>43</span> 
     </span>
    </p>
   </div>
   <div class='ocr_carea' id='block_1_9' title="bbox 2272 2772 2341 2820">
    <p class='ocr_par' dir='ltr' id='par_1_9' title="bbox 2272 2772 2341 2820">
     <span class='ocr_line' id='line_1_42' title="bbox 2272 2772 2341 2820; baseline -0.014 0"><span class='ocrx_word' id='word_1_304' title='bbox 2272 2772 2341 2820; x_wconf 78' lang='lat'>44</span> 
     </span>
    </p>
   </div>
  </div>
 </body>
</html>
