2566 4016
338 215 471 280 304
929 212 1010 267 m
1047 212 1105 266 e.
1142 210 1452 265 VERREM
1487 209 1645 264 AcT.
1681 209 1753 262 11.

338 360 471 423 iam
527 356 768 422 dudum
821 356 1080 438 loquor,
1132 355 1219 419 ad
1268 355 1473 419 aliam
1527 353 1971 436 quaestionem
2017 354 2220 433 atque
2276 350 2359 414 ad

212 460 306 516 ‘⁸⁴
340 443 1026 599 {ffimffiussffi
1057 443 1436 594 fflffi‘ff
1465 438 2359 611 ,ἓῖῗιέλᾞέἓῗηέᾒίἷ

341 554 604 688 causangi
647 619 961 686 frumenti
1005 640 1081 684 ac
1122 551 1540 683 deffiaium
1582 619 1888 681 revertar.
2323 576 2360 655 .'

475 711 599 786 Qui
646 731 808 773 >eum
873 727 1068 792 agros
1132 706 1454 771 maximos
1508 708 1575 770 et
1621 703 2064 769 feracissimos
2117 723 2235 786 per
2288 722 2359 765 se
2386 719 2412 761 5

339 799 583 882 ipsum,
632 797 762 861 :hoe
815 798 916 859 est
966 816 1087 879 per
1121 794 1514 877 Apronium,
1568 791 1841 856 Verrem
1897 791 2201 872 alterum,
2257 789 2360 853 de·

341 885 792 969 popularetur,
846 882 931 947 ad
974 882 1257 946 minores
1306 881 1605 946 civitates
1643 879 1939 944 *habebat
1985 879 2151 942 alios
2197 898 2361 960 quos

340 977 678 1055 tamquam
733 991 924 1035 canes
978 969 1392 1051 immitteret,
1445 990 1724 1052 nequam
1779 967 2077 1032 homines
2119 968 2199 1029 -et
2242 965 2361 1028 im-

341 1059 611 1144 probOS,
668 1059 901 1143 quibus
956 1060 1070 1123 aut
1110 1057 1515 1121 frumentum
1559 1059 1675 1120 aut
1717 1055 2057 1140 pecuniam
2101 1053 2363 1138 publice

237 1145 320 1209 37
343 1147 620 1233 cogebat
680 1147 842 1211 dari.
930 1144 1010 1209 A.
1034 1143 1389 1209 ‘Valentius
1453 1147 1556 1208 est
1617 1143 1689 1207 in
1742 1141 1965 1208 Sicilia
2019 1142 2366 1225 interpres,
2395 1161 2452 1200 m

343 1258 470 1319 quo
516 1235 643 1300 iste
688 1235 1044 1317 interprete
1088 1255 1222 1298 non
1264 1233 1351 1298 ad
1395 1232 1692 1317 linguam
1739 1229 2075 1313 Graecam,
2118 1228 2232 1294 sed
2277 1229 2367 1292 ad

338 1323 520 1388 furta
549 1327 631 1387 «et
675 1321 930 1407 flagitia
970 1321 1072 1384 uti
1117 1321 1389 1386 solebat.
1466 1318 1575 1383 Fit
1618 1318 1725 1383 hic
1765 1318 2089 1402 interpres
2100 1367 2119 1400 ,
2161 1317 2364 1381 homo

341 1410 504 1474 levis
537 1414 738 1492 atque
777 1430 995 1494 egens,
1025 1412 1293 1492 repente
1331 1407 1747 1488 decumanu83
1793 1407 1952 1471 emit
1985 1405 2133 1490 agri
2166 1403 2367 1488 Lipa-

342 1497 550 1560 rensis
578 1496 802 1559 miseri
828 1498 1024 1578 atque
1058 1495 1258 1559 ieiuni
1294 1495 1595 1560 decumas
1630 1493 1836 1560 tritici
1869 1492 2211 1559 medimnis
2247 1509 2366 1556 Dc,

341 1583 726 1668 Liparenses
780 1585 1124 1663 vocantur3
1174 1582 1303 1665 ipsi
1350 1582 1638 1666 accipere
1673 1581 1986 1647 decumas
2032 1585 2101 1646 et
2141 1602 2367 1649 nume-
2397 1599 2452 1639 ιε

343 1692 488 1736 rare
523 1669 833 1735 Valentio
889 1673 1210 1755 coguntur
1255 1669 1421 1734 lueri
1465 1668 1576 1734 HS
1620 1672 1789 1736 ffi.
1870 1669 1996 1734 Per
2041 1668 2194 1733 deos
2239 1669 2366 1732 im-

343 1759 684 1824 mortales!
745 1762 964 1823 utrum
1008 1757 1134 1822 tibi
1176 1779 1396 1822 sumes
1443 1757 1527 1822 ad
1565 1757 2037 1839 defensionem,
2087 1760 2366 1821 tantone

344 1847 614 1911 minoris
677 1850 744 1911 te
808 1846 1108 1910 decumas
1166 1845 1559 1928 vendidisse,
1623 1850 1697 1909 ut
1750 1845 1834 1910 ad
1886 1844 2213 1910 medimna
2266 1861 2365 1909 Dc

344 1935 458 2000 HS
502 1935 653 2000 ffi
714 1934 878 1999 lucri
941 1934 1169 1998 statim
1228 1954 1349 1998 sua
1399 1933 1737 1999 veluntate
1792 1932 2022 1998 civitas
2079 1931 2369 2016 adderet,

344 2024 469 2089 hoc
516 2029 618 2090 est
638 2024 858 2089 sriaoi
890 2022 1291 2087 medimnum
1326 2024 1399 2105 ii,
1449 2043 1551 2105 an,
1598 2045 1745 2087 cum
1780 2043 2020 2106 magno
2059 2021 2367 2087 decumas
2395 2039 2450 2078 πο

345 2112 758 2194 vendidisses,
793 2115 861 2174 te
886 2110 1282 2193 expressisse
1321 2110 1406 2174 ab
1441 2109 1665 2175 invitis
1693 2108 2158 2194 Liparensibus
2193 2108 2370 2173 hanc

240 2211 309 2259 85
344 2200 729 2285 pecuniam?
821 2196 948 2261 Sed
1001 2196 1157 2280 quid
1210 2217 1336 2281 ego
1383 2218 1467 2261 ex
1510 2200 1578 2260 te
1612 2217 1894 2281 quaero,
1945 2196 2104 2280 quid
2148 2195 2370 2261 defen-

347 2309 535 2351 surus
600 2285 719 2367 sis,
780 2283 1000 2367 potius
1057 2305 1254 2365 quam
1306 2303 1695 2368 cognoscam
1747 2306 1828 2349 ex
1877 2284 2027 2369 ipsa
2078 2284 2372 2367 civitate,

347 2374 503 2456 quid
556 2375 814 2456 gestum
867 2370 1000 2433 sit?
1089 2368 1319 2435 Recita
1370 2371 1817 2437 testimonium
1869 2372 2205 2457 ¹publicum
2257 2370 2370 2437 Li-

345 2458 743 2543 parensium,
797 2456 1025 2521 deinde
1078 2478 1270 2541 quem
1325 2458 1408 2524 ad
1460 2459 1724 2525 modum
1767 2460 2019 2525 nummi
2051 2458 2371 2526 Valentio
2398 2477 2449 2518 ὕ

347 2547 480 2611 sint
543 2545 697 2611 dati.
787 2544 1274 2611 Tusa-mmmm
1326 2563 1699 2613 runmcmt.
1777 2545 1942 2623 Quo
1996 2564 2197 2613 nono
2251 2564 2371 2613 so-

344 2652 588 2701 mmum
622 2650 750 2717 εῖτ,
791 2651 886 2698 nx
922 2650 1246 2699 mmnms
1283 2651 1614 2700 Pnemms.
1685 2634 1990 2700 Etiamne
2023 2634 2189 2700 haec
2224 2640 2373 2701 tam

344 2745 550 2807 parva
602 2722 860 2805 civitas,
913 2724 1052 2786 tam
1104 2722 1332 2805 procul
1386 2744 1428 2787 a
1478 2722 1778 2787 manibus
1831 2723 1963 2787 tuis
2020 2727 2216 2807 atque
2268 2726 2370 2805 [a]

347 2813 697 2895 conspectu
736 2812 1008 2893 remota,
1054 2808 1346 2873 seiuncta
1382 2832 1423 2873 a
1458 2807 1697 2893 Sicilia,
1742 2811 1812 2874 in
1853 2811 2072 2875 insula
2113 2811 2374 2876 inculta

345 2898 653 2981 tenuique
688 2898 925 2982 posita,
968 2897 1299 2962 cumulata
1336 2896 1483 2961 aliis
1517 2897 1651 2961 tuis
1687 2898 2045 2963 maioribus
2087 2898 2377 2980 irxiuriis„
2401 2916 2453 2956 so

344 2986 415 3049 in
477 2986 602 3050 hoc
666 3006 922 3069 quoque
981 2984 1410 3048 frumentario
1475 3006 1709 3069 genere
1771 2985 2051 3070 praedae
2112 2986 2238 3050 tibi
2299 2992 2376 3051 et

351 3073 651 3156 quaestui
676 3072 848 3136 fuit?
913 3070 1123 3145 Quam
1147 3075 1224 3136 tu
1250 3075 1463 3136 totam
1489 3072 1773 3139 insulam
1810 3073 2067 3139 cuidam
2095 3078 2375 3139 tuorum

349 3160 670 3224 sodalium
735 3160 902 3223 sicut
961 3158 1226 3242 aliquod
1278 3160 1733 3226 munusculum
1787 3161 2215 3243 condonares,
2279 3163 2374 3227 ab

346 3246 470 3310 hac
503 3248 703 3312 etiam
737 3246 900 3311 haec
933 3246 1363 3311 frumentaria
1398 3247 1579 3313 luera
1614 3251 1951 3332 tamquam
1988 3272 2028 3314 a
2055 3248 2377 3314 «mediter-

347 3334 562 3397 raneis
592 3334 1062 3419 exigebantur?
1125 3333 1375 3418 Itaque,
1413 3336 1526 3418 qui
1545 3339 1655 3400 tot
1692 3337 1878 3401 annis
1913 3338 2169 3422 agellos
2207 3358 2375 3402 suos
2399 3353 2456 3394 ⁸⁵

351 3418 444 3511 [te
507 3424 830 3500 praetore]
896 3421 1208 3486 redimere
1271 3444 1313 3487 a
1372 3423 1604 3507 piratis
1670 3425 1995 3509 solebant,
2055 3425 2230 3490 idem
2300 3447 2379 3491 se

348 3519 525 3579 ipsos
574 3527 613 3567 a
657 3511 725 3568 te
767 3508 978 3590 pretio
1024 3509 1335 3592 imposito
1379 3511 1806 3577 redemerunt.
