2566 4016
914 196 1067 253 CAP.
1106 202 1318 252 27—29
1356 202 1386 263 5
1423 202 1650 254 85—89.
2211 199 2296 263 29

269 344 374 409 die
430 363 516 407 ne
579 341 828 407 Romae
893 339 1155 425 quidem
1218 362 1367 406 eum
1427 341 1656 425 fuisse3
1720 342 1790 406 id
1847 342 2128 407 testibus
2192 365 2296 408 me

271 430 606 517 pollicitus
654 450 801 494 sum
845 430 1113 514 planum
1147 428 1493 513 facturum,
1539 430 1651 513 qui
1687 432 1753 493 et
1790 429 1952 494 scire
1988 429 2297 496 deberent

273 524 342 585 et
386 540 668 601 causam,
715 538 828 582 cur
873 518 1322 600 mentirentur,
1364 538 1498 582 non
1542 517 1877 583 haberent.
1948 516 2048 582 Ex
2085 519 2293 585 edicto

270 610 489 674 autem
534 628 669 671 non
712 605 1005 690 potuisse
1050 606 1226 671 bona
1260 606 1581 690 possideri
1619 605 2078 689 demonstravi,
2124 606 2297 689 quod

267 717 478 780 neque
533 693 880 760 fraudandi
931 715 1127 759 causa
1181 694 1514 759 latitasset
1565 715 1774 777 neque
1829 694 2041 759 exsilii
2102 715 2298 760 causa

269 785 487 849 solum
521 783 799 847 vertisse
835 781 1173 847 diceretur.
1244 781 1592 867 Reliquum
1638 785 1756 866 est,
1801 786 1875 847 ut
1921 804 2068 848 eum
2103 804 2293 848 nemo
2333 795 2401 845 87

266 871 508 937 iudicio
547 869 923 935 defenderit.
995 868 1180 945 Quod
1216 873 1444 935 contra
1480 870 1923 955 copiosissime
1962 869 2297 936 defensum

270 981 415 1026 esse
470 958 774 1024 contendi
817 979 951 1046 non
994 959 1077 1022 ab
1123 958 1386 1023 homine
1432 959 1644 1023 alieno
1688 979 1897 1042 neque
1944 959 2027 1024 ab
2075 958 2294 1044 aliquo

268 1047 744 1114 calumniatore
799 1049 993 1130 atque
1037 1046 1368 1131 improbo,
1430 1047 1541 1111 sed
1588 1047 1672 1112 ab
1718 1046 1936 1130 equite
1982 1047 2297 1131 Romano,

194 1154 244 1195 ιο
269 1136 636 1222 propinquo
683 1156 759 1199 ac
803 1134 1168 1199 necessario
1215 1156 1353 1219 suo,
1398 1156 1592 1219 quem
1636 1135 1775 1218 ipse
1823 1132 1964 1198 Sex.
2009 1133 2295 1201 Naevius

268 1226 760 1309 procuratorem
803 1222 1166 1305 relinquere
1204 1225 1398 1286 antea
1434 1224 1833 1303 consuesset3
1876 1242 2085 1305 neque
2131 1244 2299 1305 eum,

273 1312 333 1377 si
367 1311 667 1376 tribunos
706 1310 1075 1396 appellarit,
1119 1309 1358 1375 idcirco
1395 1310 1610 1374 minus
1645 1308 1882 1374 iudicio
1974 1310 2069 1374 ati
2114 1332 2297 1395 para-

271 1404 416 1465 tum
479 1399 707 1481 fuisse,
768 1419 977 1483 neque
1027 1398 1326 1482 potentia
1383 1398 1823 1482 procuratoris
1878 1332 2129 1476 Ngevio
2196 1399 2297 1463 ius

271 1492 595 1574 ereptum3
643 1491 872 1552 contra
907 1487 1107 1554 istum
1143 1486 1440 1571 potentia
1476 1508 1595 1551 sua
1630 1490 1771 1551 tum
1807 1490 2065 1552 tantum
2101 1487 2294 1553 modo

194 1595 245 1636 15
273 1577 677 1663 superiorem
703 1574 924 1655 fuisse,
954 1596 1126 1640 nunc
1152 1574 1344 1640 nobis
1374 1574 1479 1639 vix
1509 1574 1871 1660 respirandi
1901 1579 2294 1661 potestatem
2315 1623 2400 1689 29

271 1666 445 1731 dare.
553 1662 887 1747 Quaesivi,
960 1685 1124 1747 quae
1188 1683 1384 1728 causa
1436 1662 1696 1747 fuisset,
1760 1685 1871 1729 cur
1935 1663 2108 1730 bona
2166 1685 2295 1730 non
2334 1699 2402 1750 88

268 1753 628 1836 venissent,
678 1774 826 1817 cum
870 1773 948 1816 ex
993 1752 1202 1817 edicto
1246 1750 1747 1837 possiderentur.
1837 1751 2086 1816 Deinde
2132 1752 2296 1816 illud

275 1862 533 1925 quoque
567 1839 894 1925 requisivi,
936 1861 1063 1923 qua
1097 1840 1351 1905 ratione
1389 1860 1467 1904 ex
1501 1843 1605 1904 tot
1640 1838 2069 1905 creditoribus
2104 1858 2295 1904 nemo

274 1949 487 2013 neque
545 1932 687 1993 tum
746 1928 919 1993 idem
985 1927 1213 1993 fecerit
1281 1945 1491 2012 neque
1561 1948 1733 1992 nunc
1804 1930 2034 1990 contra
2104 1926 2297 2008 dicat,

192 2035 248 2077 2⁰
275 2038 628 2101 omnesque
680 2039 799 2103 pro
853 2017 924 2082 P.
978 2015 1280 2092 Quinctio
1334 2018 1652 2101 pugnent,
1706 2014 2090 2099 praesertim
2150 2035 2298 2080 cum

271 2108 345 2172 in
389 2106 512 2171 tali
554 2105 791 2171 iudicio
836 2105 1217 2170 testimonia
1261 2103 1653 2169 creditorum
1709 2101 2162 2167 existimentur
2214 2103 2295 2168 ad

272 2217 412 2260 rem
468 2194 748 2259 maxime
801 2193 1144 2278 pertinere.
1231 2191 1475 2257 Postea
1527 2213 1671 2256 sum
1727 2211 1881 2256 usus
1943 2190 2296 2256 adversarii

272 2282 682 2366 testimoniO,
737 2282 849 2365 qui
894 2281 1021 2346 sibi
1066 2302 1213 2346 eum
1257 2302 1466 2366 nuper
1510 2280 1712 2345 edidit
1757 2278 2030 2362 socium,
2088 2300 2297 2363 quem,

274 2392 405 2456 quo
431 2370 628 2436 modo
655 2392 824 2435 nunc
851 2369 1150 2453 intendit,
1184 2390 1267 2434 ne
1295 2369 1364 2433 in
1399 2369 1695 2434 vivorum
1731 2367 1992 2453 quidem
2025 2390 2295 2435 numero

195 2476 247 2518 25
272 2463 417 2525 tum
473 2459 878 2524 demonstrat
928 2457 1147 2522 fuisse.
1237 2456 1406 2522 Tum
1459 2457 1644 2522 illam
1698 2456 2143 2523 incredibilem
2202 2479 2297 2525 ce-

272 2548 606 2613 leritatem
679 2567 792 2612 seu
861 2545 1081 2630 potius
1156 2545 1490 2610 audaciam
1566 2545 1839 2629 protuli3
1919 2547 2299 2611 confirmavi

270 2656 536 2702 necesse
573 2656 714 2700 esse
751 2637 865 2699 aut
902 2633 1097 2699 biduo
1135 2649 1274 2699 Dcc
1313 2633 1495 2698 milia
1522 2654 1832 2718 passuum
1860 2655 2001 2699 esse
2031 2633 2298 2699 decursa

277 2728 395 2789 aut
446 2720 590 2789 Sex.
643 2721 966 2788 Naevium
1021 2721 1248 2786 diebus
1307 2720 1749 2806 compluribus
1805 2725 1956 2786 ante
2020 2721 2092 2785 in
2153 2741 2298 2805 pos-

276 2812 633 2877 sessionem
660 2811 935 2894 misisse,
972 2831 1170 2895 quam
1205 2810 1590 2895 postularet,
1626 2809 1724 2874 uti
1762 2809 1820 2874 ei
1856 2809 2081 2874 liceret
2125 2808 2299 2873 bona

192 2917 247 2959 ao
272 2900 625 2986 possidere.
667 2897 908 2964 Postea
926 2898 1195 2970 recitavi
1214 2897 1512 2981 edictum,
1532 2897 1703 2981 quod
1726 2899 1949 2982 aperte
1968 2895 2298 2962 dominum
2335 2915 2403 2966 89

274 2989 356 3054 de
401 2987 667 3074 praedio
714 2986 970 3052 detrudi
1012 2990 1294 3069 vetaret3
1351 2986 1418 3050 in
1462 3007 1591 3071 quo
1637 2985 1936 3052 constitit
1979 2983 2298 3050 Naevium

272 3098 354 3142 ex
401 3076 612 3141 edicto
656 3095 789 3140 non
833 3074 1216 3163 possedisse,
1261 3096 1408 3140 cum
1453 3075 1871 3140 confiteretur
1916 3094 1992 3137 ex
2034 3072 2298 3157 praedio

270 3165 341 3230 vi
405 3164 740 3230 detrusum
804 3184 943 3228 esse
1007 3158 1399 3238 Quinctium.
1497 3161 1775 3227 Omnino
1837 3164 2055 3226 autem
2129 3161 2301 3226 bona

270 3272 580 3338 possessa
623 3273 756 3317 non
802 3273 944 3316 esse
990 3246 1328 3334 constitui,
1391 3251 1561 3334 quod
1605 3251 1926 3315 bonorum
1972 3250 2298 3333 possessio

188 3357 244 3399 8⁵
272 3344 609 3426 spectetur
651 3361 784 3405 non
829 3340 900 3405 in
945 3340 1166 3424 aliqua
1209 3342 1427 3424 parte,
1474 3339 1585 3404 sed
1631 3338 1701 3403 in
1743 3337 2089 3423 universis,
2136 3360 2301 3422 quae

271 3429 485 3495 teneri
522 3433 590 3494 et
625 3427 947 3514 possideri
981 3429 1254 3514 possint.
1325 3426 1480 3491 Dixi
1518 3427 1780 3491 domum
1806 3425 2053 3493 Romae
2080 3427 2302 3512 fuisse,

270 3540 402 3603 quo
448 3517 576 3583 iste
619 3538 703 3582 ne
750 3517 1101 3602 adspirarit
1156 3515 1443 3601 quidem,
1498 3536 1720 3581 servos
1775 3517 2168 3604 complures,
2224 3538 2301 3582 ex
