2566 4016
762 1023 857 1098 M.
916 1022 1201 1096 TULLI
1256 1020 1752 1096 clcnssoms
1806 979 1810 984 ’

290 1185 763 1274 ACTIONIS
827 1185 941 1269 IN
1005 1185 1090 1271 G.
1156 1185 1601 1271 VERREM
1667 1179 2221 1272 SECUNDAE

990 1331 1212 1385 LIBER
1246 1330 1525 1385 PRIMUS

717 1439 837 1505 DE
882 1438 1360 1504 PRAETURA
1402 1435 1791 1503 URBANA.

1157 1599 1369 1607 ——-

488 1647 1192 1767 ARGUMENTUM
1237 1696 2047 1766 PSEUDO-ASOONI.
2164 1709 2169 1713 ’

394 1821 669 1891 Deinceps
712 1821 853 1876 haec
900 1821 1091 1877 omnia
1130 1838 1245 1876 non
1291 1820 1467 1889 dicta,
1515 1821 1613 1875 sed
1662 1819 1772 1876 scri
1809 1823 1872 1875 ta
1908 1824 2040 1875 sunt
2074 1823 2271 1877 contra

254 1909 396 1959 eum,
453 1892 603 1961 quod
651 1893 734 1947 ita
785 1891 1000 1947 factum
1054 1894 1163 1947 estz
1217 1890 1414 1961 Fingit
1459 1890 1651 1946 Cicero
1782 1907 1902 1945 esse
1955 1891 2016 1946 in
2060 1890 2269 1946 iudicio

253 1962 485 2018 Verrem
530 1963 1105 2033 comperendinatum,
1151 1961 1487 2032 respondere
1525 1960 1760 2016 citatum
1797 1963 1855 2016 et
1891 1960 2128 2016 defendi.
2202 1962 2272 2016 In

255 2034 455 2089 ceteris
489 2035 640 2089 enim
677 2034 1021 2089 orationibus
1058 2034 1316 2088 defensor
1349 2033 1572 2087 futurus
1610 2031 1981 2087 accusationis
2019 2032 2270 2086 officium

252 2104 342 2158 his
385 2104 568 2173 libris,
620 2105 718 2174 qui
760 2104 1123 2159 Verrinamm
1165 2103 1391 2159 nomine
1435 2105 1853 2171 nuncupantur,
1907 2118 2269 2184 compensare

254 2175 502 2230 decrevit
546 2178 625 2241 et,
674 2174 938 2242 quoniam
983 2190 1243 2228 accusare
1290 2173 1497 2227 multos
1530 2173 1857 2228 indecorum
1892 2172 2077 2237 Tullio
2112 2172 2270 2227 vide-

251 2245 435 2312 batur,
470 2245 531 2296 in
563 2260 677 2297 una
711 2259 883 2297 causa
906 2243 1023 2296 vim
1049 2243 1214 2296 huius
1242 2242 1380 2296 artis
1407 2245 1465 2297 et
1493 2242 1843 2311 eloquentiae
1871 2244 2271 2298 demonstrare.

252 2314 406 2368 Nam·
447 2318 505 2367 et
546 2314 689 2366 bene
734 2313 1125 2382 intellegentes
1163 2329 1384 2373 omnem
1417 2313 1684 2371 virtutem
1721 2313 2050 2381 oratoriam,
2102 2331 2270 2382 quae-

256 2399 489 2451 cumque
524 2382 586 2436 in
619 2381 1099 2438 criminationibus
1136 2383 1445 2437 constituta
1471 2387 1572 2451 est,
1608 2383 1705 2437 hic
1729 2401 2048 2453 expressam
2073 2384 2273 2439 vident

256 2456 316 2508 et
369 2455 567 2507 contra
620 2469 688 2507 ex
731 2453 839 2508 hoc
884 2453 1269 2508 defensionum
1315 2453 1431 2509 vim
1475 2453 1536 2508 in
1578 2454 1778 2509 ceteris
1829 2454 2176 2509 orationibus
2213 2458 2274 2509 et

252 2539 453 2579 nervos
500 2522 615 2577 eius
662 2539 730 2577 ex
773 2523 881 2577 hac
925 2523 1132 2579 virtute
1179 2526 1547 2594 cognoscunt,
1603 2540 1745 2595 quae
1789 2524 1850 2578 in
1905 2525 2273 2595 opprimendo

256 2592 584 2663 exprimitur
619 2609 731 2648 reo.
803 2593 985 2664 Igitur
1033 2611 1219 2648 rerum
1273 2610 1477 2649 scaena
1525 2593 1605 2648 sic
1658 2593 1812 2649 facta
1851 2597 1960 2664 est,
2016 2598 2082 2650 ut
2134 2595 2274 2650 dicit

256 2664 487 2730 Tullius,
515 2681 629 2719 non
656 2665 722 2717 ut
748 2667 877 2719 acta
902 2680 991 2718 res
1020 2668 1119 2718 est.
1179 2664 1421 2731 ‘Adest',
1449 2664 1648 2733 inquit,
1681 2664 1922 2733 ‘Ver-res,
1949 2667 2269 2736 respondet,

256 2735 609 2790 defenditur?
684 2733 834 2804 Ergo
880 2752 1004 2790 cum
1049 2735 1234 2804 prima
1282 2735 1501 2789 actione
1539 2737 1831 2788 accusatus
1869 2735 1944 2790 sit
1977 2752 2046 2790 ac
2083 2737 2271 2790 defen-

257 2822 349 2860 sus
384 2805 604 2872 Verres,
639 2821 787 2859 nunc
811 2805 979 2865 ⁴velut
1013 2804 1272 2860 defensus
1308 2805 1513 2860 iterum
1548 2805 1652 2872 (sic
1688 2806 1837 2860 enim
1870 2822 1993 2860 mos
2022 2808 2182 2877 erat),
2210 2807 2274 2860 in

256 2876 436 2931 altera
470 2875 690 2929 actione
728 2878 1021 2930 accusatur
1058 2876 1129 2929 ad
1165 2875 1427 2929 ultimum
1460 2892 1649 2930 rursus
1687 2876 1939 2932 oratione
1980 2880 2270 2958 perpetua.

257 2946 501 3000 Crimina
544 2947 976 3015 repetundarum
1022 2948 1081 2999 et
1125 2944 1238 2999 alia
1280 2946 1546 3014 pleraque
1594 2947 1724 3000 ante
1771 2949 1901 3000 acta
1946 2949 2068 3002 vita
2103 2964 2273 3016 saepe

254 3017 559 3072 firmantur.
636 3016 884 3071 Sumitur
930 3015 1101 3070 etiam
1146 3015 1279 3068 hinc
1327 3032 1493 3084 saepe
1541 3015 1804 3071 defensi0.
1879 3016 2071 3072 Omnis
2121 3017 2275 3072 enim

257 3087 604 3142 confirmatio
640 3087 712 3141 ab
749 3086 1033 3140 attributis
1061 3101 1330 3155 personae
1364 3091 1415 3141 et
1449 3086 1676 3156 negotio
1715 3087 1860 3140 sumi
1896 3087 2054 3142 solet.
2118 3088 2274 3157 Ergo

256 3158 530 3212 attributa
578 3173 849 3226 personae
903 3156 1144 3210 maxime
1197 3155 1259 3209 in
1314 3158 1443 3210 ante
1495 3158 1622 3210 acta
1669 3156 1791 3211 vita
1833 3159 2027 3226 quaeri
2072 3158 2273 3226 solent,

254 3244 324 3282 ne
368 3228 483 3282 otio
521 3228 580 3281 in
616 3227 741 3297 ipso
779 3226 1023 3281 crimine.
1085 3225 1282 3280 Libros
1319 3226 1495 3296 igitur
1528 3243 1631 3296 pro
1669 3226 1941 3296 qualitate
1978 3228 2277 3282 criminum

257 3296 339 3349 Tu
389 3297 471 3350 ‘us
518 3297 772 3352 dividens
820 3299 950 3351 ante
995 3295 1135 3350 actis
1179 3313 1354 3349 unum
1398 3296 1578 3364 dedit,
1624 3297 1774 3352 hunc
1821 3297 2038 3353 scilicet
2074 3299 2275 3366 solum,

257 3366 497 3489 ffi
517 3367 630 3490 iggi
672 3368 1107 3491 repetundff
1138 3369 1443 3491 ἑξὲἰὺὺαοτά
1495 3384 1669 3449 unum
1723 3368 1791 3421 de
1818 3368 1964 3492 aigro
2020 3369 2276 3492 ddicendO,

255 3503 457 3574 pliciis.
531 3453 801 3560 Adrleianc
837 3453 986 3561 egilm
1022 3454 1192 3562 simili&
1133 3507 1144 3519 ‘
1176 3453 2279 3580 'tuffiemepsgeggsbgilgiliffsnfigelrlrz
