2566 4016
797 203 932 259 ΜΒ.
971 205 1049 260 111
1113 205 1269 261 CAP.
1309 210 1449 263 2—4
1485 212 1515 272 g
1552 212 1708 261 4-8.
2126 208 2259 273 273

237 352 410 433 vult,
465 349 551 434 ei,
608 349 720 433 qui
772 349 928 414 sana
981 349 1283 434 spoliarit
1337 349 1583 432 omnia,
1637 350 1749 434 qui
1805 371 1883 415 ex
1925 355 2261 417 tensarum

240 438 476 506 orbitis
550 437 851 522 praedari
924 437 1011 502 sit
1084 459 1306 521 ausus,
1377 437 1678 502 inimicus
1749 460 1881 503 non
1944 460 2084 504 esse
2149 440 2260 524 qui

240 526 505 630 potest-⁴?
588 526 701 609 qui
761 526 900 589 iure
963 547 1168 609 aequo
1224 546 1448 590 omnes
1500 530 1692 610 putat
1748 546 1887 591 esse
1943 531 2260 610 oportere,

239 617 298 681 is
353 614 479 679 tibi
531 633 665 678 non
714 612 1176 677 infestissimus
1222 613 1337 697 sit,
1392 635 1538 678 cum
1585 614 1831 699 cogitet
1875 615 2260 680 varietatem

189 726 216 768 ⁶
241 702 707 806 libidinemque
770 702 1173 766 decretorum
1233 702 1540 766 tuorum?
1624 703 1735 786 qui
1799 702 2121 767 sociorum
2165 704 2261 766 in-

242 791 428 856 iuriis
491 789 1099 874 provinciarumque
1160 789 1586 854 incommodis
1652 790 1895 873 doleat,
1956 790 2014 853 is
2071 791 2141 854 in
2195 795 2260 855 te

242 901 376 944 non
412 877 806 962 expilatione
834 877 1050 961 Asiae,
1090 877 1432 942 vexatione
1467 877 1914 980 Pamphyliae,
1959 879 2262 962 squalore

244 971 312 1032 et
383 965 671 1032 lacrimis
737 963 994 1030 Siciliae
1066 966 1470 1030 concitetur?
1553 966 1663 1050 qui
1727 966 1963 1030 civium
2027 966 2262 1032 Roma—

244 1077 477 1120 norum
514 1055 660 1118 iura
697 1074 772 1118 ac
807 1053 1181 1118 libertatem
1221 1058 1513 1118 sanctam
1561 1053 1731 1138 apud
1778 1054 1989 1117 omnis
2034 1054 2263 1120 haberi

167 1167 220 1207 ιο
246 1143 437 1225 velit,
490 1142 548 1206 is
593 1162 727 1206 non
770 1141 896 1205 tibi
941 1141 1090 1225 plus
1137 1142 1335 1205 etiam
1383 1162 1580 1224 quam
1623 1141 1921 1206 inimicus
1969 1163 2108 1206 esse
2156 1143 2262 1206 de·

246 1232 428 1313 beat,
481 1251 626 1294 cum
681 1233 796 1294 tua
846 1229 1140 1311 verbera,
1195 1251 1342 1294 cum
1389 1250 1669 1313 secures,
1722 1250 1870 1294 cum
1915 1250 2133 1295 cruces
2182 1230 2264 1294 ad

249 1318 486 1383 civium
520 1317 963 1382 Romanorum
1002 1317 1321 1400 supplicia
1355 1317 1518 1381 fixas
1554 1317 1971 1385 recordetur?
2044 1317 2167 1400 An,
2206 1318 2263 1382 si
2300 1329 2330 1378 7

250 1427 377 1495 qua
406 1405 476 1469 in
511 1427 583 1470 re
618 1395 847 1470 contra
882 1426 1019 1469 rem
1054 1426 1265 1469 meam
1304 1405 1692 1470 decrevisset
1729 1405 2029 1489 aliquid
2009 1406 2264 1489 miuria,

246 1494 385 1559 iure
459 1494 519 1558 ei
582 1515 685 1558 me
747 1492 1079 1557 immicum
1143 1513 1282 1557 esse
1348 1493 1763 1578 arbitrarere3
1838 1514 1983 1558 cum
2047 1494 2265 1558 omnia

168 1603 221 1645 ιε
249 1585 479 1648 contra
514 1581 804 1646 omnium
840 1581 1159 1645 bonorum
1205 1602 1371 1665 rem,
1416 1603 1705 1666 causam,
1749 1581 2098 1666 rationem,
2143 1583 2264 1646 uti-

249 1671 507 1735 litatem
543 1669 1077 1752 voluntatemque
1112 1668 1358 1753 fecerit,
1404 1669 1680 1753 quaeris,
1725 1690 1838 1734 cur
1873 1670 1934 1734 ei
1979 1670 2102 1734 sim
2146 1669 2265 1734 ini-

248 1759 482 1840 micus,
536 1757 640 1822 cui
693 1757 971 1841 populus
1017 1756 1351 1821 Romanus
1396 1756 1674 1822 infestus
1722 1757 1864 1821 est‘?
1928 1757 2040 1839 qui
2083 1778 2265 1842 prae-

252 1846 479 1909 sertim
540 1846 688 1928 plus
752 1845 978 1928 etiam,
1043 1866 1238 1927 quam
1293 1865 1446 1928 pars
1500 1844 1709 1909 virilis
1763 1843 2107 1945 powstulat,
2144 1866 2263 1928 pro

249 1933 586 1999 voluntate
630 1933 858 2018 populi
902 1931 1183 1997 Romani
1228 1931 1442 1996 oneris
1490 1953 1566 1996 ac
1610 1930 1894 1995 muneris
1941 1932 2265 2015 suscipere

167 2044 223 2085 ιο
251 2022 537 2088 debeam.
627 2020 837 2098 Quid?
882 2022 1028 2104 illa,
1074 2042 1237 2104 quae
1282 2019 1534 2085 leviora
1575 2019 1878 2084 videntur
1922 2040 2089 2104 esse,
2133 2042 2266 2085 non
2301 2017 2346 2081 4

250 2110 533 2176 cuiusvis
566 2110 855 2175 animum
891 2112 1167 2194 possunt
1204 2128 1481 2191 movere,
1519 2107 1690 2191 quod
1726 2106 1807 2171 ad
1843 2111 2024 2171 tuam
2058 2069 2265 2192 ipsius

252 2198 606 2263 amicitiam
671 2202 1157 2281 ceterorumque
1220 2196 1558 2261 hominum
1621 2216 2007 2281 magnorum
2072 2200 2265 2280 atque

250 2286 570 2350 nobilium
631 2284 991 2351 faciliorem
1054 2285 1302 2350 aditum
1354 2284 1546 2350 istius
1600 2283 1800 2349 habet
1854 2283 2146 2367 nequitia
2202 2289 2266 2349 et

254 2373 523 2438 audacia
550 2395 743 2458 quam
778 2374 1156 2458 cuiusquam
1191 2376 1492 2438 nostrum
1526 2372 1733 2437 virtus
1771 2375 1838 2437 et
1873 2372 2266 2459 integritas?

169 2482 224 2524 25
255 2461 499 2526 Odistis
526 2462 864 2527 hominum
890 2483 1207 2526 novorum
1233 2460 1643 2545 industriam,
1680 2460 2009 2545 despicitis
2044 2482 2267 2528 eorum

250 2550 731 2636 frugalitatem,
776 2550 1088 2635 pudorem
1135 2549 1577 2632 contemnitis,
1621 2548 1953 2634 ingenium
1999 2571 2154 2615 vero
2201 2554 2267 2615 et

250 2638 560 2703 virtutem
645 2638 1016 2722 depressam
1099 2637 1579 2720 extinctamque
1660 2636 1923 2722 cupitis,
1994 2635 2267 2702 Verrem

254 2724 537 2787 amatis?
617 2724 721 2789 Ita
756 2725 973 2807 cred03
1020 2725 1076 2789 si
1110 2746 1243 2789 non
1277 2724 1539 2807 virtute,
1582 2746 1714 2788 non
1753 2723 2091 2806 industria,
2135 2746 2268 2789 non
2304 2734 2337 2784 8

254 2811 641 2894 innocentia,
687 2833 818 2877 non
861 2812 1126 2896 pudore,
1169 2834 1304 2878 non
1346 2811 1675 2895 pudicitia,
1721 2815 1791 2876 at
1837 2832 2150 2893 sermone,
2198 2815 2269 2876 at

169 2920 227 2962 so
255 2897 517 2981 litteris,
562 2902 633 2962 at
667 2898 1073 2966 humanitate
1119 2900 1256 2965 eius
1306 2899 1732 2965 delectamini.
1813 2897 1998 2963 Nihil
2046 2920 2268 2964 eorum

254 2991 384 3070 est,
438 2988 789 3070 contraque
844 2993 996 3052 sunt
1050 2988 1269 3053 omnia
1323 3010 1469 3053 cum
1522 3008 1776 3053 summo
1833 2986 2139 3050 dedecore
2195 3008 2269 3051 ac

252 3073 673 3159 turpitudine,
709 3078 851 3139 tum
879 3075 1199 3161 singulari
1235 3075 1521 3140 stultitia
1559 3079 1755 3159 atque
1791 3073 2268 3139 inhumanitate

254 3163 483 3228 oblita.
563 3161 734 3227 Huic
779 3162 1030 3228 homini
1076 3165 1133 3227 si
1178 3164 1358 3230 cuius
1407 3163 1634 3228 domus
1680 3164 1884 3247 patet,
1928 3164 2147 3225 utrum
2195 3183 2271 3226 ea

253 3254 476 3335 patere
541 3273 627 3316 an
688 3250 870 3316 hiare
935 3271 1009 3315 ac
1070 3271 1336 3334 poscere
1393 3250 1640 3334 aliquid
1691 3249 1991 3315 videtur?
2079 3247 2269 3314 Hunc

169 3357 226 3400 85
254 3339 458 3404 vestri
495 3340 828 3423 ianitores,
871 3338 1042 3403 hunc
1079 3338 1460 3403 cubicularii
1496 3338 1797 3423 diligunt,
1840 3336 2012 3401 hunc
2046 3337 2270 3402 liberti

254 3428 483 3512 vestri,
536 3428 708 3494 hunc
765 3426 934 3493 servi
979 3425 1381 3510 ancillaeque
1428 3429 1677 3508 amant,
1730 3424 1837 3490 hic
1883 3446 2029 3490 cum
2073 3427 2271 3508 venit,

256 3519 440 3579 extra
485 3516 777 3581 ordinem
821 3518 1118 3601 vocatur,
1167 3514 1275 3579 hic
1320 3513 1498 3579 solus
1543 3513 2002 3599 introducitur,
2057 3515 2275 3595 ceteri,

362 3624 470 3666 010.
498 3627 561 3667 11.
608 3630 645 3669 1.
1780 3623 1846 3672 18
