2566 4016
345 230 478 294 244
950 229 1028 282 IN
1066 229 1123 285 C.
1152 228 1464 283 VERREM
1501 228 1660 283 ACT.
1699 228 1765 283 11.

347 378 818 459 septenumque
901 374 1135 438 denum
1219 373 1620 438 senatorium
1700 393 1940 439 nomen
2018 371 2363 437 nundinati

346 466 526 546 sunt3
585 466 653 527 et
661 500 679 546 ,·
735 462 907 548 quod
962 461 1330 546 Halaesini,
1385 461 1824 544 antiquissimi
1875 463 1948 527 et
1997 459 2362 526 fidelissimi

346 550 506 616 socii
547 555 742 634 atque
790 550 997 634 amici,
1042 549 1291 614 Romae
1334 550 1787 634 impetrarant,
1829 552 1905 614 ut
1948 548 2123 633 apud
2168 570 2237 613 se
2280 571 2361 614 ne

345 639 675 725 suffragiis
714 639 976 723 quidem
1010 638 1154 703 fieri
1189 637 1433 721 liceret,
1477 638 1545 702 id
1580 637 1792 723 pretio
1831 641 1909 702 ut
1943 636 2086 702 fieri
2121 641 2361 724 posset,

346 727 575 795 effecit.
2387 741 2416 782 ⁶

240 786 342 913 {33
478 815 903 901 Agrigentini
967 815 1046 880 de
1103 818 1334 879 senatu
1388 814 1755 899 cooptando
1806 811 2128 899 Scipionis
2180 813 2359 900 leges

346 903 648 987 antiquas
684 904 949 988 habent,
994 905 1063 968 in
1109 903 1342 987 quibus
1390 905 1456 966 et
1501 902 1620 966 illa
1665 902 1891 967 eadem
1937 905 2164 967 sancta
2209 906 2360 966 sunt

346 996 412 1056 et
437 991 562 1056 hoc
600 992 899 1075 amplius.
963 990 1126 1057 Cum
1147 989 1732 1076 Agrigentinorum
1770 991 1896 1055 duo
1934 1010 2175 1076 genera
2213 990 2359 1073 sint,

343 1102 546 1144 unum
594 1084 915 1162 veterum,
971 1080 1251 1144 alterum
1298 1079 1702 1162 colonorum,
1759 1099 1922 1162 quos
1967 1077 2039 1142 Τ.
2076 1076 2359 1142 Manlius

343 1172 609 1252 praetor
645 1190 723 1233 ex
769 1171 1033 1233 senatus
1079 1168 1378 1234 consulto
1424 1167 1504 1231 de
1548 1166 1807 1251 oppidis
1846 1165 2211 1232 Siculorum
2257 1167 2360 1232 de-
2395 1185 2446 1225 ιο

345 1256 528 1322 duxit
581 1255 1046 1342 Agrigentum,
1109 1261 1371 1322 cautum
1433 1259 1535 1321 est
1586 1256 1658 1320 in
1712 1252 2032 1340 Scipionis
2086 1254 2363 1340 legibue,

342 1366 424 1408 ne
498 1344 718 1428 plures
791 1348 1010 1410 essent
1078 1344 1149 1408 in
1212 1347 1445 1409 senatu
1509 1365 1585 1408 ex
1650 1344 2028 1409 colonorum
2090 1364 2362 1409 numero

346 1453 540 1515 quam
577 1453 655 1496 ex
691 1435 910 1497 vetere
937 1431 1541 1518 Agrigentinorum.
1611 1430 1764 1515 Iste,
1810 1432 1922 1516 qui
1959 1430 2179 1496 omnia
2217 1432 2364 1497 iura

343 1519 554 1603 pretio
612 1524 1034 1604 exaequasset
1086 1521 1502 1604 omniumque
1545 1541 1763 1585 rerum
1810 1519 2118 1585 dilectum
2163 1523 2364 1604 atque

345 1606 690 1672 discrimen
753 1609 1024 1692 pecunia
1087 1609 1488 1691 sustulisset,
1549 1629 1684 1673 non
1738 1608 1934 1674 modo
1985 1607 2130 1691 illa,
2194 1630 2363 1692 quae
2396 1625 2447 1666 ιδ

344 1699 533 1760 erant
596 1697 860 1780 aetatis,
930 1695 1174 1761 ordinis
1238 1700 1700 1782 quaestusque,
1771 1696 2176 1782 permiscuit,
2221 1697 2364 1762 *sed

344 1783 543 1849 etiam
585 1785 656 1850 in
698 1785 803 1850 his
851 1784 1103 1849 duobus
1150 1785 1497 1870 generibus
1542 1785 1782 1850 civium
1825 1794 2143 1850 novorum
2188 1789 2364 1849 vete·

240 1883 342 1933 124
378 1894 650 1957 rumque
694 1872 1004 1938 turbavit.
1084 1870 1258 1938 Nam
1300 1895 1448 1939 cum
1486 1875 1659 1938 esset
1704 1894 1782 1938 ex
1826 1877 2045 1938 vetere
2090 1894 2361 1939 numero

343 1961 606 2045 quidam
642 1964 905 2028 senator
942 1962 1337 2048 demortuus,
1381 1965 1450 2028 et
1484 1982 1631 2028 cum
1677 1982 1755 2028 ex
1799 1966 2076 2052 utroque
2123 1982 2363 2049 genere

341 2072 462 2134 par
504 2073 809 2116 numerus
855 2051 1142 2135 reliquus
1191 2055 1381 2135 esset,
1428 2054 1714 2116 veterem
1758 2052 2054 2135 cooptari
2097 2073 2363 2119 necesse
2392 2068 2443 2109 ²0

342 2142 484 2203 erat
522 2140 797 2224 legibus,
841 2143 917 2203 ut
952 2140 1010 2203 is
1049 2139 1329 2222 amplior
1372 2161 1679 2204 numerus
1726 2144 1914 2204 esset.
1987 2138 2168 2215 Quae
2209 2162 2365 2207 cum

340 2224 438 2289 ita
473 2247 543 2290 se
577 2247 685 2290 res
719 2226 1019 2309 haberet,
1064 2230 1288 2290 tamen
1332 2226 1415 2290 ad
1458 2226 1660 2291 istum
1707 2231 1998 2312 emptum
2043 2233 2364 2295 venerunt

340 2313 532 2376 illum
594 2314 808 2378 locum
872 2313 1270 2378 senatorium
1334 2335 1468 2379 non
1521 2316 1734 2381 solum
1788 2320 2067 2401 veteres,
2130 2338 2363 2383 verum

342 2400 541 2464 etiam
577 2401 749 2465 novi.
828 2399 953 2484 Fit,
999 2405 1074 2467 ut
1111 2402 1324 2485 pretio
1369 2424 1576 2468 novus
1622 2403 1842 2469 vincat
1885 2405 2274 2489 litterasque
2320 2429 2365 2472 a

340 2490 644 2573 praetore
696 2487 950 2553 adferat
1001 2488 1456 2576 Agrigentum.
1542 2491 1963 2577 Agrigentini
2018 2494 2100 2558 ad
2153 2494 2362 2560 istum
2389 2508 2439 2550 Β

340 2576 598 2663 legatos
659 2577 956 2662 mittunt,
1020 2577 1132 2662 qui
1188 2600 1336 2643 eum
1391 2579 1570 2667 leges
1625 2580 1897 2645 doceant
1952 2582 2362 2648 consuetudi-

338 2686 615 2749 nemque
663 2666 951 2731 omnium
997 2688 1316 2732 annorum
1363 2666 1834 2752 demonstrent,
1878 2673 1954 2734 ut
1996 2669 2123 2734 iste
2166 2670 2363 2735 intel-

340 2754 589 2840 legeret
626 2754 686 2819 ei
731 2776 802 2820 se
844 2755 1036 2820 illum
1081 2756 1298 2821 locum
1344 2756 1726 2840 vendidisse,
1772 2757 1874 2822 cui
1917 2779 2001 2822 ne
2044 2780 2364 2825 commer-

338 2842 509 2908 cium
565 2842 823 2928 quidem
878 2865 1019 2909 esse
1075 2847 1422 2929 oporteret.
1524 2843 1811 2919 Quorum
1867 2846 2160 2912 oratione
2208 2847 2364 2932 iste,

337 2952 484 2996 cum
511 2931 792 3015 pretium
827 2932 960 2998 iam
998 2932 1368 3015 accepisset,
1403 2954 1486 2998 ne
1520 2934 1849 2999 tantulum
1885 2935 2144 3018 quidem
2180 2957 2365 3003 com·
2393 2952 2442 2994 ω

235 3028 337 3079 125
374 3022 589 3086 motus
647 3025 763 3085 est.
853 3019 1034 3085 Idem
1086 3020 1241 3085 fecit
1285 3019 1657 3087 Heracleae.
1746 3019 1920 3087 Nam
1974 3045 2051 3089 eo
2098 3045 2367 3110 quoque

337 3109 603 3174 colonos
657 3107 727 3175 P.
774 3108 1073 3192 Rupilius
1139 3109 1404 3174 deduxit
1457 3111 1763 3195 legesque
1818 3110 2065 3177 similes
2119 3111 2198 3176 de
2255 3134 2370 3180 co-

338 3197 621 3279 optando
686 3200 918 3263 senatu
981 3200 1047 3261 et
1105 3196 1183 3261 de
1236 3218 1505 3263 numero
1560 3202 1852 3265 veterum
1908 3221 1985 3265 ac
2035 3221 2368 3269 novorum

337 3283 531 3349 dedit.
622 3283 726 3349 Ibi
770 3307 901 3351 non
949 3286 1160 3351 solum
1204 3285 1336 3350 iste
1375 3290 1451 3351 ut
1497 3286 1670 3371 apud
1715 3290 1964 3353 ceteros
2008 3290 2368 3373 pecuniam

338 3372 602 3455 accepit,
649 3373 760 3437 sed
797 3374 995 3438 etiam
1034 3394 1275 3461 genera
1312 3378 1605 3440 veterum
1650 3397 1725 3440 ac
1768 3397 2085 3442 novorum
2129 3400 2369 3445 nume·
2396 3393 2447 3435 ³⁵

231 3459 314 3523 51
338 3476 604 3539 rumque
675 3461 1068 3542 permiscuit.
1117 3527 1124 3534 ,
1173 3462 1397 3529 Nolite
1467 3467 1831 3548 expectare,
1904 3465 2056 3530 dum
2126 3488 2370 3533 omnes

340 3540 570 3606 obeam
635 3547 927 3613 oratione
989 3571 1134 3615 mea
1198 3551 1523 3637 civitates;
1585 3552 1710 3619 hoc
1768 3574 1900 3619 uno
1954 3555 2375 3639 complector
