2566 4016
834 182 972 241 LIB.
1009 183 1063 237 11
1154 183 1312 238 CAP.
1351 189 1488 238 1-3
1526 189 1557 250 5
1596 190 1687 238 1-
1703 191 1751 241 ’1.
2179 186 2307 252 201

278 324 395 395 ill'e
431 328 574 414 ipse
609 326 696 392 M.
733 327 1102 411 Marcellae,
1136 327 1319 393 cuius
1355 329 1428 392 in
1462 326 1684 393 Sicilia
1719 327 2030 395 virtutem
2066 330 2312 415 hostes,

280 415 796 483 misericordiam
848 416 1033 498 victi,
1090 415 1285 480 fidem
1341 416 1539 481 ceteri
1586 414 1787 481 Siculi
1831 424 2313 502 perspexerunt,

280 527 414 570 non
505 503 720 569 solum
807 503 1000 569 sociis
1080 503 1151 568 in
1230 525 1309 568 eo
1379 504 1557 568 bello
1639 505 1994 589 consuluit,
2083 528 2310 572 verum

283 593 486 658 etiam
530 591 854 676 superatis
901 591 1200 656 hostibus
1245 591 1656 677 temperavit.
1737 590 1985 657 Urbem
2021 594 2314 677 pulcher-

232 699 260 740 ο
285 681 522 746 rimam
569 677 941 764 Syracusas,
989 701 1156 764 quae
1201 701 1349 745 cum
1396 701 1593 745 manu
1638 680 2078 746 munitissima
2124 686 2314 766 esset,

285 772 430 834 tum
483 767 610 832 loci
662 771 900 833 natura
950 771 1129 833 terra
1181 788 1256 833 ac
1309 768 1478 833 mari
1540 768 1973 852 clauderetur,
2037 790 2183 834 cum
2245 770 2314 835 vi

284 856 686 939 consilioque
732 856 1030 941 cepisset,
1073 876 1205 921 non
1250 857 1464 921 solum
1509 856 1901 921 incolumem
1939 878 2173 941 passus
2210 862 2314 922 est

287 966 446 1029 esse,
484 943 598 1008 sed
633 945 730 1009 ita
765 944 1032 1027 reliquit
1068 947 1388 1026 ornatam,
1432 946 1507 1007 ut
1543 947 1716 1008 esset
1742 944 1915 1009 idem
1940 965 2314 1010 monumen-

284 1037 427 1098 tum
445 1032 778 1115 victoriae‚
805 1031 1340 1115 mansuetudinis,
1369 1031 1824 1115 continentiae,
1851 1053 1998 1097 cum
2016 1032 2313 1099 homines

207 1138 260 1178 ιο
285 1121 598 1201 viderent,
645 1124 713 1184 et
758 1119 914 1204 quid
960 1123 1395 1204 expugnasset
1426 1123 1508 1184 ·et
1543 1120 1780 1203 quibus
1816 1121 2210 1205 pepercisset
2247 1124 2314 1186 et

286 1229 454 1292 quae
516 1207 909 1292 reliquisset.
1016 1206 1299 1271 Tantum
1369 1207 1484 1271 ille
1556 1207 1872 1272 honorem
1942 1207 2314 1272 habendum

288 1295 551 1360 Siciliae
612 1296 895 1380 putavit,
966 1299 1044 1359 ut
1102 1316 1184 1359 ne
1246 1294 1537 1359 hostium
1601 1295 1861 1379 quidem
1933 1295 2163 1360 urbem
2235 1317 2314 1360 ex

288 1382 612 1448 sociorum
677 1384 895 1449 insula
957 1382 1320 1448 tollendam
1383 1383 1830 1448 arbitraretur.
1937 1382 2169 1467 Itaque
2233 1383 2316 1448 ad

290 1491 513 1537 omnes
568 1492 671 1536 res
728 1470 823 1536 sic
874 1471 993 1535 illa
1044 1470 1380 1555 provincia
1434 1492 1688 1554 semper
1745 1471 1848 1535 usi
1911 1492 2161 1555 sumus,
2222 1476 2317 1555 ut,

205 1576 260 1618 ¹⁵
288 1558 1935 1732 ἓὲῗῖῗὲῑθὶοζῗὲίἕἰίῗὲῑῗῗὲἳέἐᾱρῖῗὲιὲἓῖἶ
1970 1559 2318 1722 9οὸἒέΞὲ

286 1735 407 1800 illa
456 1736 886 1818 frumentum,
950 1734 1121 1818 quod
1173 1734 1465 1817 deberet,
1525 1755 1659 1799 non
1722 1733 1805 1798 ad
1868 1735 2039 1799 diem
2095 1734 2317 1799 dedit?

291 1822 548 1906 quando
587 1822 672 1906 id,
718 1821 891 1907 quod
928 1844 1090 1907 opus
1130 1843 1269 1887 esse
1306 1826 1587 1905 putaret,
1630 1842 1763 1885 non
1798 1822 1975 1886 ultro
2016 1821 2316 1906 pollicita

292 1910 436 1974 est?
483 1910 740 1994 quando
784 1911 869 1993 id,
915 1910 1088 1995 quod
1131 1910 1582 1994 imperaretur,
1627 1908 1997 1973 recusavit?
2087 1907 2317 1992 Itaque

201 2018 262 2060 20
289 1998 404 2064 ille
457 1997 542 2064 M.
601 1996 764 2064 Cato
825 1995 1096 2094 Sapiens
1162 1997 1396 2063 cellam
1460 1995 1795 2080 penariam
1859 1996 1955 2061 rei
2016 1996 2317 2079 publicae

288 2091 570 2172 nostrae,
613 2087 935 2152 nutricem
970 2086 1182 2171 plebis
1219 2085 1554 2149 Romanae
1591 2081 1880 2149 Siciliam
1917 2085 2318 2151 nominabat.

288 2174 429 2241 Nos
484 2197 637 2240 vero
692 2174 944 2261 experti
1000 2195 1222 2240 sumus
1275 2172 1509 2237 Italico
1564 2171 1848 2237 maximo
1908 2171 2319 2238 difficillimo-

289 2284 416 2346 que
469 2263 648 2327 bello
694 2260 983 2328 Siciliam
1036 2262 1227 2327 nobis
1281 2282 1415 2326 non
1467 2283 1587 2346 pro
1640 2260 1909 2345 penaria
1958 2261 2151 2344 cella,
2205 2262 2319 2326 sed

289 2371 411 2434 pro
480 2351 731 2416 aerario
798 2351 916 2416 illo
985 2351 1307 2416 maiorum
1374 2354 1593 2414 vetere
1657 2370 1732 2414 ac
1792 2348 2034 2413 referto
2095 2349 2317 2416 fuisse.

200 2456 261 2499 85
291 2437 465 2503 Nam
521 2439 659 2505 sine
704 2440 842 2505 ullo
889 2443 1153 2522 sumptu
1198 2441 1427 2503 nostro
1483 2437 1704 2518 coriis,
1755 2437 1993 2503 tunicis
2037 2437 2319 2504 frumen-

290 2530 489 2612 toque
525 2526 997 2613 suppeditando
1033 2526 1352 2591 maximos
1391 2525 1708 2590 exercitus
1735 2529 1997 2590 nostros
2034 2527 2319 2610 vestivit,

291 2616 476 2698 aluit,
513 2616 809 2680 armavit.
890 2614 1106 2691 Quid?
1149 2614 1285 2696 illa,
1329 2634 1495 2697 quae
1530 2612 1809 2678 forsitan
1843 2633 1925 2677 ne
1962 2614 2316 2678 sentiamus

294 2702 574 2783 quidem,
607 2701 868 2783 iudices,
905 2705 1150 2786 quanta
1180 2701 1363 2766 sunt!
1408 2700 1581 2784 quod
1616 2701 1841 2765 multis
1881 2700 2319 2785 locupletiori-

292 2787 417 2851 bus
459 2788 707 2852 civibus
752 2790 1015 2873 utimur,
1061 2788 1233 2874 quod
1276 2789 1523 2853 habent
1567 2788 2018 2872 propinquam,
2062 2787 2320 2852 fidelem

199 2896 264 2938 so
290 2876 820 2958 fructuosamque
865 2877 1295 2962 provinciam,
1356 2897 1483 2960 quo
1527 2875 1721 2940 facile
1775 2878 2146 2957 excurrant,
2204 2875 2319 2939 ubi

290 2964 575 3033 libenter
631 2963 970 3047 negotium
1018 2968 1275 3050 gerant3
1332 2984 1495 3047 quos
1539 2962 1659 3026 illa
1703 2963 1949 3046 partim
1995 2962 2317 3027 mercibus

291 3049 783 3137 suppeditandis
855 3072 1002 3116 cum
1073 3056 1350 3135 quaestu
1432 3050 1939 3134 compendioque
2023 3048 2318 3134 dimittit,

290 3140 537 3226 partim
565 3138 822 3221 retinet,
858 3142 932 3203 ut
960 3161 1165 3224 arare,
1198 3143 1273 3204 ut
1300 3159 1582 3223 pascere,
1619 3141 1696 3202 ut
1729 3136 2055 3221 negotiari
2092 3136 2315 3222 libeat,

290 3233 367 3293 ut
389 3228 664 3312 denique
689 3226 872 3291 sedes
898 3249 972 3292 ac
1002 3227 1401 3292 domicilium
1429 3226 1765 3291 collocare.
1820 3223 2007 3301 Quod
2035 3246 2320 3290 commo-

199 3331 263 3375 35
294 3316 447 3381 dum
473 3337 606 3381 non
633 3315 955 3380 mediocre
982 3315 1077 3378 rei
1109 3314 1410 3398 publicae
1446 3317 1567 3396 est,
1602 3316 1862 3378 tantum
1899 3312 2134 3378 civium
2165 3312 2318 3393 [Ro-

294 3407 662 3486 manorum]
683 3425 1024 3469 numerum
1044 3407 1183 3466 tam
1202 3422 1407 3487 prope
1429 3402 1510 3466 ab
1533 3400 1744 3486 dome,
1771 3405 1909 3466 tam
1928 3400 2115 3465 bonis
2150 3400 2317 3467 fruc-

2357 2670 2390 2718 6

292 3492 628 3577 tuosisque
669 3493 863 3558 rebus
911 3489 1201 3556 detineri.
1272 3488 1366 3556 Et
1411 3488 1718 3574 quoniam
1765 3488 1952 3575 quasi
2000 3490 2313 3573 quaedam
2355 3510 2385 3560 ’1
