2566 4016
46 1664 53 1705 v*-
49 1576 52 1579 ,
46 1488 53 1528 .-
46 1398 53 1439 -.-.
46 1308 53 1349 .—
46 1129 52 1170 -0
46 1042 51 1079 -ss-
46 951 51 991 *ffi-
46 892 50 901 -
47 862 50 873 Ἴ

47 2465 50 2502 ᾼὴ
46 2377 51 2416 -——
46 2287 52 2328 .-
46 2179 52 2240 v--v
46 2021 53 2080 ...-
47 1932 52 1989 .-—
46 1844 52 1883 μ-
47 1762 52 1796 .-

635 245 770 300 LIB.
808 245 886 301 IV
951 245 1109 302 CAP.
1147 251 1355 302 55—57
1395 252 1425 313 ξ
1466 252 1760 302 123-128.
2073 246 2204 310 417

208 393 382 454 erant
409 389 547 455 eius
575 389 768 475 modi,
804 393 878 454 ut
906 390 1106 454 semel
1135 388 1374 455 vidisse
1402 389 1564 455 satis
1593 389 1840 475 essetJ),
1874 390 1945 455 in
1973 389 2206 474 quibus

207 499 402 562 neque
439 499 636 543 manu
668 477 916 543 factum
959 478 1306 561 quicquam
1349 499 1558 562 neque
1603 477 2018 562 pulchritudo
2066 481 2208 543 erat

208 567 360 649 ulla,
416 566 529 630 sed
580 570 839 631 tantum
859 614 872 627 .
896 563 1278 650 magnitudo
1325 565 1749 649 incredibilis,
1805 565 1884 630 de
1930 587 2059 649 qua
2102 567 2207 631 vel

210 653 420 719 audire
475 654 637 720 satis
694 656 890 738 esset,
952 653 1226 718 nimium
1279 653 1496 718 videre
1549 655 1698 738 plus
1754 674 1952 738 quam
2007 654 2206 717 semel

161 757 187 800 ⁵
211 776 292 789 -—-
334 743 533 807 etiam
576 741 646 806 id
690 741 1092 827 concupisti?

327 830 499 896 Nam
545 827 836 914 Sappho,
892 851 1056 914 quae
1102 828 1367 896 sublata
1411 829 1490 894 de
1534 829 1839 915 prytanio
1886 833 2013 912 est,
2060 829 2174 893 dat
2211 796 2315 922 152}

203 917 323 982 tibi
347 919 590 985 iustam
618 918 1115 1001 excusationem,
1149 938 1352 1004 prope
1387 921 1464 982 ut
1499 918 1972 983 concedendum
2012 920 2206 1002 atque

202 1006 659 1160 {3333}ssss
688 1005 1185 1178 ffizzssiffi
1231 1003 1649 1159 {1223ssssssss
1653 1009 2315 1178 Ρξὲίέξιῖἕθζοῖπ)

129 1198 179 1240 ιο
204 1182 391 1247 modo
419 1144 735 1266 privatus,
772 1181 885 1245 sed
910 1144 1190 1267 pcipulus
1216 1181 1435 1264 potius
1467 1183 1740 1246 haberet
1776 1204 1973 1266 quam
2008 1181 2208 1246 homo

203 1269 722 1354 elegantissimus
759 1272 957 1353 atque
991 1269 1485 1354 eruditissimae,
1518 1268 1802 1334 Verres?
1882 1269 2208 1334 Nimirum

202 1362 424 1422 contra
462 1357 589 1422 dici
624 1357 789 1422 nihil
823 1360 1059 1442 potest.
1129 1355 1449 1422 Nostrum
1488 1358 1660 1422 enim
1705 1378 1872 1423 unus
1918 1358 2208 1442 quisque,

203 1445 312 1528 qui
354 1448 492 1511 tam
538 1445 742 1529 beati,
797 1465 992 1528 quam
1036 1445 1163 1510 iste
1210 1449 1336 1530 est,
1389 1462 1522 1510 non
1569 1464 1818 1530 sumus,
1869 1449 2010 1511 tam
2057 1445 2209 1510 deli·

201 1533 329 1598 cati
364 1555 505 1599 esse
541 1554 672 1598 non
708 1552 1072 1619 possumne,
1119 1533 1175 1599 si
1257 1534 1472 1600 uando
1512 1533 1757 1618 aliquid
1792 1533 1986 1599 istius
2031 1534 2210 1599 modi

125 1637 176 1679 1⁵
201 1621 415 1687 videre
442 1623 639 1705 volet,
677 1625 784 1687 eat
813 1622 897 1687 ad
933 1622 1156 1687 aedem
1236 1622 1563 1706 elicitatis,
1601 1622 1682 1687 ad
1718 1626 2209 1688 monumentum

200 1707 433 1792 Catuli,
468 1711 538 1775 in
573 1712 898 1795 porticum
934 1709 1204 1794 Metelli,
1242 1710 1354 1775 det
1388 1728 1673 1796 operam,
1713 1713 1788 1774 ut
1824 1710 2210 1775 admittatur

196 1797 266 1861 in
314 1799 586 1863 alicuius
629 1798 906 1863 istorum
952 1797 1416 1881 Tusculanum,
1471 1800 1721 1882 spectet
1761 1797 1979 1863 forum
2026 1818 2210 1862 orna-

196 1888 357 1968 tum,
394 1886 452 1948 si
480 1885 785 1968 quidiste
824 1906 1089 1950 suorum
1126 1885 1444 1949 aedilibus
1481 1885 1935 1968 commodarit,
1969 1882 2208 1951 Verres

196 1971 357 2038 haec
400 1972 645 2038 habeat
690 1972 891 2056 domi,
936 1972 1174 2039 Verres
1220 1972 1619 2038 ornamentis
1663 1972 1968 2039 fanorum
2014 1976 2209 2059 atque

117 2076 172 2117 20
198 2061 583 2144 oppidorum
653 2060 897 2126 habeat
965 2061 1227 2145 plenam
1298 2061 1561 2127 domum
1658 2061 1854 2127 villas
1915 2059 2210 2128 refertas.

115 2229 120 2234 β
196 2148 503 2214 Etiamne
538 2149 732 2215 huius
772 2149 1052 2234 operarii
1089 2148 1308 2213 studia
1343 2171 1418 2214 ac
1455 2109 1738 2234 delicias,
1771 2149 2032 2233 iudices,
2068 2170 2210 2236 per·

195 2236 468 2301 feretis?
515 2237 627 2321 qui
670 2237 771 2301 ita
810 2239 1032 2320 natus,
1076 2236 1175 2301 ita
1220 2237 1526 2303 educatus
1574 2240 1700 2320 est,
1745 2236 1845 2303 ita
1885 2237 2099 2302 factus
2145 2241 2212 2303 et

197 2323 420 2389 animo
483 2328 550 2389 et
612 2346 907 2411 corpore,
968 2330 1045 2390 ut
1108 2325 1317 2390 multo
1382 2323 1751 2409 adpositior‘
1807 2325 1889 2391 ad
1946 2326 2212 2391 ferenda

195 2433 395 2496 quam
434 2413 515 2478 ad
553 2413 899 2480 auferenda
943 2414 1135 2499 signa
1180 2434 1322 2479 esse
1365 2413 1678 2480 videatur.
1750 2414 1969 2499 Atque
2013 2414 2176 2481 haec
2214 2425 2316 2477 12⁹2

106 2513 165 2557 2⁶
194 2498 463 2587 Sappho
536 2502 800 2567 sublata
862 2505 1177 2586 quantum
1241 2501 1628 2567 desiderium
1692 2503 1794 2569 sui
1855 2503 2213 2587 reliquerit,

192 2590 324 2656 dici
385 2590 496 2656 vix
557 2593 796 2677 potest.
893 2589 1066 2656 Nam
1130 2609 1276 2656 cum
1330 2590 1476 2677 ipsa
1522 2590 1651 2656 fuit
1704 2592 1966 2678 egregie
2016 2590 2212 2676 facta,

189 2681 339 2742 tum
402 2679 807 2764 epigramma
863 2677 1184 2745 Graecum
1245 2679 1583 2765 pernobile
1644 2678 1920 2745 incisum
1985 2683 2086 2744 est
2142 2680 2211 2743 in

190 2764 361 2847 basi,
407 2766 579 2849 quod
618 2766 745 2831 iste
792 2767 1081 2831 eruditus
1124 2767 1325 2832 homo
1372 2769 1440 2831 et
1475 2766 1850 2850 Graeculus,
1895 2767 2007 2851 qui
2050 2766 2213 2832 haec

191 2851 531 2917 subtiliter
574 2853 846 2937 iudicat,
904 2854 1015 2935 qui
1060 2855 1239 2918 solus
1283 2854 1640 2940 intellegit,
1696 2854 1753 2918 si
1796 2873 1993 2919 unam
2038 2854 2212 2919 litte-

100 2956 161 2999 so
188 2959 339 3005 ram
406 2940 721 3005 Graecam
785 2941 1041 3023 scisset,
1105 2945 1277 3005 certe
1340 2962 1471 3006 una
1534 2941 1924 3006 sustulisset.
2022 2940 2213 3008 Nunc

189 3028 390 3112 enim,
438 3027 610 3112 quod
656 3027 968 3112 scriptum
1014 3032 1117 3093 est
1158 3029 1339 3093 inani
1381 3029 1453 3093 in
1496 3029 1660 3114 basi,
1707 3029 2011 3114 declarat,
2058 3030 2214 3115 quid

183 3115 422 3201 fuerit,
469 3120 535 3181 et
579 3114 646 3180 id
693 3115 985 3181 ablatum
1031 3115 1292 3182 indicat.

328 3203 543 3281 Quid?
590 3204 849 3290 signum
883 3202 1158 3270 Paeanis
1197 3223 1275 3270 ex
1313 3205 1468 3271 aede
1497 3203 1847 3292 Aesculapi
1882 3207 2213 3291 praeclare

180 3291 470 3380 factum,
525 3314 781 3359 sacrum
836 3315 912 3358 ae
966 3294 1374 3380 religiosum,
1425 3314 1560 3360 non
1605 3294 1979 3361 sustulisti?
2040 3295 2212 3380 quod

91 3394 153 3438 ⁸⁵
184 3402 422 3447 omnes
458 3385 730 3467 propter
773 3381 1323 3467 pulchritudinem
1368 3383 1594 3468 visere,
1638 3387 1909 3470 propter
1953 3383 2212 3470 religio·

177 3490 344 3535 nem
400 3471 610 3536 colere
668 3470 986 3536 solebant.
1086 3470 1298 3548 Quid?
1365 3493 1442 3536 ex
1497 3472 1653 3538 aede
1706 3471 1927 3538 Liberi
1982 3472 2174 3539 simu·
2214 3484 2319 3535 128

178 3557 447 3623 lacrum
476 3558 762 3625 Aristaei
798 3581 931 3625 non
973 3561 1090 3627 tuo
1136 3559 1409 3648 imperio
1454 3562 1675 3649 palam
1721 3561 2019 3628 ablatum
2065 3562 2210 3628 est?

297 3669 409 3713 010.
434 3671 497 3713 11.
527 3674 566 3712 1.
1715 3670 1784 3722 27
