2566 4016
283 192 411 257 172
885 190 965 247 IN
1004 190 1061 244 O.
1088 188 1399 245 VERREM
1433 189 1589 245 Ac'r.
1626 190 1694 245 11.

281 358 472 421 quem
523 334 605 401 ad
650 333 914 399 modum
959 338 1101 398 tute
1147 333 1228 399 ad
1274 332 1603 399 Neronem
1651 332 2000 418 scripsisti,
2055 335 2303 419 populo

280 424 576 489 Romano
640 421 1092 506 communique
1156 443 1388 488 causae
1452 423 1821 508 legatorum
1884 421 2064 489 facta
2129 429 2304 489 esset

279 512 556 597 insignis
592 510 849 593 iniuria,
887 532 1022 575 non
1056 531 1125 575 es
1162 513 1569 594 persecutus3
1615 509 1776 575 dicis
1813 510 1939 575 tibi
1975 511 2045 575 in
2082 512 2301 578 animo

282 622 423 665 esse
487 599 617 664 alio
681 603 974 682 tempore
1033 598 1351 683 persequi.
1452 598 1637 673 Quod
1692 597 1821 663 fuit
1873 598 1943 662 id
1996 601 2301 684 tempus?

283 688 538 772 quando
578 709 646 752 es
688 687 1108 773 persecutus}>
1181 684 1314 751 Gur
1348 686 1736 751 imminuisti
1781 687 1884 751 ius
1930 686 2301 772 legationis,
2327 707 2360 747 ⁵

282 798 395 843 cur
458 797 721 841 causam
784 775 1014 859 populi
1064 774 1347 840 Romani
1409 774 1752 839 deseruisti
1808 797 1883 839 ac
1934 775 2302 862 prodidisti,

283 887 394 930 cur
448 863 718 929 iniurias
773 867 922 928 tuas
977 863 1354 929 coniunctas
1411 884 1558 928 cum
1603 861 1882 948 publicis
1928 863 2301 947 reliquisti?

281 951 435 1028 Non
495 955 566 1015 te
626 951 708 1016 ad
782 954 1079 1017 senatum
1151 972 1416 1017 causam
1487 950 1762 1034 deferre,
1823 972 1957 1015 non
2020 951 2098 1015 de
2161 956 2302 1017 tam

216 1075 226 1098 c
283 1039 614 1105 atrocibus
653 1038 908 1104 iniuriis
955 1038 1287 1132 conqueri,
1331 1060 1464 1103 non
1509 1059 1621 1103 eos
1664 1038 1986 1123 homines,
2033 1041 2146 1124 qui
2188 1063 2301 1126 po-

280 1128 507 1213 pulum
547 1127 971 1210 concitarant,
1017 1123 1356 1193 consulum
1393 1127 1634 1191 litteris
1672 1127 2033 1192 evocandos
2075 1150 2301 1193 curare
2331 1149 2388 1189 10

177 1231 244 1280 85
284 1216 619 1301 oportuit?
701 1215 927 1302 Nuper
966 1214 1053 1280 Μ.
1091 1214 1361 1281 Aurelio
1401 1212 1642 1281 Scauro
1687 1216 2081 1299 postulante,
2128 1217 2304 1299 quod

281 1305 337 1369 is
383 1302 631 1387 Ephesi
689 1325 759 1368 se
815 1307 1226 1388 quaestorem
1270 1304 1338 1369 vi
1391 1303 1797 1388 prohibitum
1842 1325 1983 1369 esse
2029 1303 2304 1389 dicebat,

284 1414 412 1477 quo
459 1392 673 1456 minus
721 1414 755 1456 e
799 1391 953 1456 fano
1000 1390 1251 1456 Dianae
1299 1412 1558 1457 servum
1604 1413 1821 1475 suum,
1868 1392 1979 1476 qui
2022 1392 2092 1457 in
2135 1356 2304 1458 illud

283 1480 539 1561 asylum
567 1478 986 1564 confugisset,
1015 1478 1381 1564 abduceret,
1412 1478 1693 1545 Pericles
1720 1479 2064 1564 Ephesius,
2101 1480 2300 1547 homo

279 1567 753 1650 nobilissimus,
794 1565 1073 1631 Romam
1111 1571 1417 1632 evocatus
1465 1572 1586 1651 est,
1630 1567 1802 1652 quod
1848 1571 2075 1633 auctor
2118 1569 2299 1634 illius
2327 1590 2384 1632 15

282 1654 556 1720 iniuriae
592 1654 795 1720 fuisse
833 1656 1256 1741 arguebatu13
1302 1660 1394 1740 tu,
1441 1655 1499 1720 si
1533 1660 1601 1720 te
1642 1655 1936 1741 legatum
1980 1656 2077 1722 ita
2112 1656 2300 1722 Lam-

281 1743 463 1828 psaci
499 1746 855 1808 tractatum
892 1764 1032 1808 esse
1067 1747 1366 1809 senatum
1403 1744 1746 1828 docuisseS,
1783 1748 1859 1809 ut
1895 1744 1994 1812 tui
2030 1746 2300 1811 comites

281 1833 805 1915 vulnerarentur,
876 1831 1070 1897 lictor
1134 1832 1558 1915 occideretur,
1629 1832 1770 1917 ipse
1840 1831 2300 1898 circumsessus

282 1941 487 2005 paene
539 1920 977 2022 incenderere,
1029 1920 1168 1985 eius
1224 1924 1444 1985 autem
1496 1920 1593 1984 rei
1647 1920 1838 1985 duces
1891 1924 1958 1985 et
2002 1925 2298 1986 auctores

281 2015 340 2075 ct
390 2008 717 2094 principes
770 2007 1001 2111 fuisse,
1066 2030 1230 2093 quos
1283 2007 1543 2092 scribiS,
1609 2007 2178 2111 Themistagoram
2234 2015 2300 2075 et
2326 2031 2382 2073 so

283 2097 687 2182 Thessalum,
716 2097 860 2182 quis
888 2118 1021 2161 non
1049 2100 1580 2181 commoveretur,
1610 2098 1756 2181 quis
1780 2119 1914 2163 non
1941 2120 2016 2162 ex
2041 2097 2300 2181 iniuria,

284 2208 449 2269 quae
489 2185 614 2249 tibi
661 2189 833 2250 esset
878 2184 1081 2267 facta,
1126 2185 1253 2248 sibi
1296 2185 1695 2270 provideret,
1741 2186 1887 2269 quis
1931 2207 2061 2250 non
2104 2185 2175 2249 in
2221 2208 2301 2250 ea

282 2295 352 2337 re
382 2294 643 2338 causam
671 2275 874 2354 tuam,
909 2271 1268 2355 periculum
1301 2294 1642 2339 commune
1679 2275 1788 2359 agi
1826 2274 2298 2339 arbitraretur?

282 2359 547 2424 Etenim
580 2380 819 2437 nomen
854 2359 1061 2444 legati
1102 2358 1238 2425 eius
1287 2361 1463 2425 modi
1509 2382 1650 2427 esse
1696 2362 1905 2446 debet,
1952 2364 2125 2446 quod
2168 2383 2300 2427 non

283 2446 476 2512 modo
531 2434 701 2511 inter
757 2447 1081 2513 sociorum
1132 2447 1302 2532 iura,
1363 2449 1477 2514 sed
1531 2449 1731 2515 etiam
1785 2450 1957 2515 inter
2010 2450 2300 2515 hostium
2324 2469 2378 2512 25

282 2535 418 2600 tela
462 2534 784 2600 incolume
829 2539 1141 2601 versetur.

416 2622 729 2708 Magnum
792 2624 915 2690 hoc
967 2623 1485 2709 Lampsacenum
1547 2626 1792 2691 crimen
1853 2629 1956 2692 est
2006 2624 2299 2692 libidinis

212 2673 479 2813 6atque
542 2711 1066 2796 improbissimae
1122 2713 1528 2798 cupiditatis3
1592 2714 1864 2799 accipite
1926 2736 2098 2780 nunc
2154 2737 2300 2780 ava-

279 2799 471 2866 ritiae
525 2820 730 2884 prope
784 2800 1049 2866 modum
1102 2801 1174 2865 in
1228 2822 1347 2866 suo
1404 2822 1639 2887 genere
1692 2824 1825 2870 non
1879 2803 2105 2868 levius.
2183 2802 2298 2869 Mi-

281 2888 478 2954 lesios
554 2910 790 2953 navem
860 2889 1189 2975 poposcit,
1267 2911 1432 2972 quae
1506 2911 1652 2954 eum
1723 2890 2034 2975 praesidii
2105 2913 2300 2957 causa
2326 2909 2380 2950 so

279 2976 593 3077 Myndum
620 2980 1133 3062 prosequeretur.
1204 2976 1318 3042 Illi
1356 2977 1584 3043 statim
1621 3000 2086 3063 myoparonem
2126 3000 2300 3064 egre-

282 3065 462 3150 gium
500 3065 577 3130 de
615 3086 733 3130 sua
770 3066 976 3131 classe
1015 3068 1321 3131 ornatum
1358 3069 1553 3149 atque
1595 3070 1922 3132 armatum
1969 3066 2301 3132 dederunt.

279 3152 422 3219 Hoc
474 3152 800 3238 praesidio
854 3152 1166 3236 Myndum
1229 3152 1559 3237 profectus
1614 3158 1732 3220 est.
1820 3154 1997 3222 Nam
2053 3155 2210 3238 quid
2265 3176 2304 3219 a

277 3239 551 3319 Milesiis
606 3242 794 3307 lanae
847 3241 1106 3326 publice
1161 3242 1536 3325 abstulerit,
1590 3242 1751 3308 item
1797 3242 1874 3308 de
1922 3248 2190 3328 sumptu
2234 3243 2305 3307 in

280 3306 656 3413 adventum,
712 3329 790 3393 (10
844 3329 1254 3395 contumeliis
1307 3334 1374 3394 et
1415 3329 1673 3396 iniuriis
1717 3331 1788 3395 in
1834 3332 2303 3432 magistratum
2330 3348 2384 3389 ³5

277 3414 605 3483 Milesium
641 3417 907 3482 tametsi
944 3417 1070 3484 dici
1107 3439 1252 3483 cum
1289 3439 1459 3502 vere,
1503 3422 1646 3483 tum
1683 3418 1975 3505 graviter
2014 3423 2081 3483 et
2116 3419 2304 3484 vehe-

279 3504 530 3566 menter
599 3508 846 3590 potest,
922 3509 1145 3571 tamen
1217 3505 1428 3591 dicere
1499 3507 2026 3592 praetermittam
2100 3528 2305 3591 eaque

175 2595 263 2660 34
