2566 4016
300 194 427 257 178
896 191 974 245 IN
1014 191 1071 246 C.
1100 189 1409 245 VERREM
1445 188 1709 245 ACT.11.

296 341 718 422 quaesturam
775 334 960 400 illam
1015 334 1332 400 nefariam
1386 333 1495 398 vix
1549 297 1837 397 triduum
1891 331 2319 416 constitisset,

299 426 531 491 absens
604 446 735 489 non
798 424 868 488 in
939 423 1267 488 oblivione
1339 422 1672 503 iacuisset,
1747 419 1858 485 sed
1920 420 1991 484 in
2056 419 2320 485 assidua

299 512 910 580 commemoratione
949 511 1247 576 omnibus
1288 510 1574 575 omnium
1618 508 2020 594 flagitiorum
2064 507 2319 592 fuisset,

297 603 355 666 is
417 605 711 685 repente,
774 603 849 665 ut
904 599 1183 664 Romam
1245 597 1453 681 venit,
1518 596 1725 682 gratis
1784 600 2050 680 praetor
2102 594 2317 662 factus

300 693 417 754 est.
509 690 662 754 Alia
714 709 910 771 porro
955 687 1255 771 pecunia,
1308 707 1392 750 ne
1437 687 1875 767 accusaretur,
1930 683 2102 749 data.
2195 683 2319 750 Cui
2343 701 2372 741 ⁵

301 778 387 842 sit
427 777 597 859 data,
641 775 805 839 nihil
845 774 926 839 ad
963 797 1083 859 me,
1128 773 1293 838 nihil
1335 773 1417 838 ad
1453 795 1591 837 rem
1632 773 1958 857 pertinere
2005 772 2318 856 arbitror3

302 865 523 929 datam
580 862 836 947 quidem
891 884 1031 927 esse
1084 866 1225 926 tum
1279 862 1448 925 inter
1494 882 1718 926 omnes
1762 860 2005 925 recenti
2047 860 2317 945 negotio

195 969 297 1019 102
333 952 526 1016 facile
594 950 952 1016 constabat.
1046 949 1257 1014 Homo
1316 948 1699 1013 stultissime
1747 952 1813 1012 et
1860 948 2319 1031 amentissime,

299 1040 562 1104 tabulas
590 1061 736 1104 cum
764 1038 1108 1103 conficeres
1138 1041 1205 1101 et
1241 1059 1386 1102 cum
1425 1036 1973 1102 extraordinariae
2007 1037 2319 1121 pecuniae

301 1128 543 1194 crimen
598 1126 1046 1211 subterfugere
1098 1126 1330 1210 velles,
1386 1125 1545 1189 satis
1600 1128 1667 1189 te
1722 1124 2094 1208 elapsurum
2137 1124 2320 1189 omni
2347 1144 2401 1183 ιο

302 1216 664 1300 suspicione
711 1214 1144 1299 arbitrabare,
1194 1214 1275 1298 si,
1325 1213 1558 1297 quibus
1603 1213 1943 1296 pecuniam
1989 1212 2318 1297 credebas,

299 1304 381 1369 iis
420 1325 769 1390 expensum
813 1325 947 1368 non
990 1303 1191 1368 ferres
1237 1323 1445 1385 neque
1490 1301 1560 1364 in
1605 1304 1752 1365 tuas
1799 1300 2060 1366 tabulas
2107 1301 2319 1366 ullum

299 1414 539 1458 nomen
608 1391 881 1455 referres
891 1440 910 1473 ,
982 1413 1128 1456 cum
1190 1393 1295 1454 tot
1358 1388 1481 1454 tibi
1543 1389 1916 1453 nominibus
1981 1393 2319 1475 acceptum

302 1478 514 1545 Curtii
549 1477 908 1543 referrent?
973 1477 1141 1554 Quid
1177 1477 1484 1561 proderat
1519 1477 1645 1540 tibi
1681 1481 1749 1541 te
1786 1498 2135 1561 expensum
2182 1478 2318 1542 illis

300 1588 435 1630 non
470 1565 745 1630 tulisse?
792 1587 877 1629 an
911 1564 1043 1630 tuis
1083 1565 1240 1629 solis
1277 1564 1522 1629 tabulis
1569 1569 1636 1629 te
1682 1586 1946 1629 causam
1993 1566 2317 1660 dicturum
2347 1582 2399 1624 15

304 1653 750 1720 existimasti?

434 1740 679 1806 Verum
735 1740 816 1806 ad
867 1740 1054 1805 illam
1106 1740 1239 1806 iam
1292 1740 1627 1805 veniamus
1682 1742 2088 1825 praeclaram
2138 1763 2320 1825 prae-

336 1835 555 1896 turam
592 1829 988 1913 criminaque
1026 1852 1120 1912 ea,
1170 1851 1335 1913 quae
1381 1829 1642 1895 notiora
1687 1832 1839 1894 sunt
1884 1829 2006 1913 his,
2053 1830 2165 1914 qui
2211 1830 2319 1895 ad.-

304 1923 473 2004 sunt,
512 1941 705 2021 quam
740 1919 950 2002 nobis,
998 1918 1109 2003 qui
1144 1917 1444 1982 meditati
1482 1916 1564 1981 ad
1601 1916 1938 1982 dicendum
1974 1918 2319 2002 paratique

301 2008 621 2092 venimus3
658 2006 729 2072 in
757 2008 989 2092 quibus
1017 2029 1149 2073 non
1187 2006 1413 2072 dubito
1451 2005 1607 2090 quin
1646 2005 2065 2072 offensionem
2100 2007 2318 2092 negle-
2345 2025 2401 2066 20

296 2097 563 2181 ‘gentiae
599 2097 808 2161 vitare
846 2100 1040 2179 atque
1078 2095 1361 2195 effugere
1397 2116 1528 2159 non
1569 2094 1835 2177 possim.
1906 2093 2101 2159 Multi
2145 2095 2321 2159 enim

302 2185 399 2249 ita
452 2185 690 2248 dicent·
748 2183 878 2248 ‘De
930 2183 1048 2246 illo
1103 2181 1269 2247 nihil
1326 2182 1513 2267 dixit,
1567 2182 1637 2247 in
1693 2205 1818 2266 quo
1867 2204 1989 2270 ego
2034 2182 2321 2267 interfui,

303 2272 487 2336 illam
524 2271 828 2335 iniuriam
863 2291 998 2334 non
1035 2270 1278 2355 attigit,
1327 2292 1490 2353 quae
1532 2271 1691 2335 mihi
1739 2275 1853 2336 aut
1899 2293 2064 2355 quae
2111 2271 2320 2337 amico

305 2380 450 2423 meo
514 2357 690 2422 facta
755 2360 881 2439 est,
947 2357 1179 2441 quibus
1244 2378 1368 2442 ego
1421 2358 1493 2423 in
1545 2360 1738 2424 rebus
1797 2359 2104 2426 interfui?
2196 2359 2319 2424 His

305 2444 604 2511 omnibus
614 2495 633 2528 ,
693 2444 804 2529 qui
857 2445 1047 2509 istius
1102 2444 1373 2510 iniurias
1425 2452 1692 2531 norunt,
1746 2447 1871 2513 hoc
1925 2451 2024 2512 est
2074 2448 2320 2532 populo
2347 2465 2400 2505 2⁵

302 2534 599 2599 Romano
634 2533 955 2614 universo,
996 2555 1099 2598 me
1135 2534 1550 2599 vehementer
1587 2540 1962 2601 excusatum
1999 2536 2150 2600 volo
2187 2558 2322 2601 non

304 2621 722 2708 neglegentia
757 2643 902 2686 mea
945 2621 1102 2705 fore,
1147 2626 1222 2687 ut
1266 2624 1477 2687 multa
1519 2627 1944 2708 praeteream,
1990 2622 2102 2688 sed
2148 2624 2324 2707 quod

308 2712 438 2777 alia
500 2709 779 2775 testibus
843 2709 1103 2796 integra
1164 2712 1484 2776 reservari
1536 2711 1758 2795 velim,
1828 2711 2038 2777 multa
2101 2715 2321 2777 autem

305 2802 575 2885 propter
637 2799 960 2864 rationem
1013 2799 1355 2864 brevitatis
1410 2821 1485 2864 ac
1547 2801 1859 2882 temporis
1912 2800 2322 2884 praetermit-

304 2888 503 2953 tenda
566 2887 942 2952 existimem.
1041 2885 1326 2951 Fatebor
1389 2887 1588 2951 etiam
1649 2887 1812 2951 illud
1873 2888 2149 2973 invituS,
2219 2910 2322 2952 me
2348 2905 2404 2946 ³0

305 2998 572 3062 prorsus
581 3026 599 3059 ,
655 2997 801 3040 cum
854 2976 981 3039 iste
1033 2977 1346 3060 punctum
1391 2975 1705 3060 temporis
1749 2975 2002 3041 nullum
2048 2999 2322 3042 vacuum

306 3068 571 3149 peccato
636 3064 989 3149 praeterire
1045 3084 1276 3147 passus
1335 3062 1448 3147 sit,
1519 3063 1766 3147 omnia,
1835 3086 1999 3148 quae
2056 3066 2138 3130 ab
2195 3065 2322 3129 isto

304 3153 656 3241 commissa
700 3153 858 3235 sint,
911 3172 1045 3215 non
1087 3150 1379 3235 potuisse
1425 3172 1829 3238 cognoscere.
1913 3151 2326 3237 Quapropter

306 3241 402 3305 ita
448 3263 550 3305 me
599 3240 676 3304 de
719 3243 1062 3325 praeturae
1110 3238 1488 3317 criminibus
1535 3239 1853 3323 auditote,
1905 3245 1982 3305 ut
2027 3263 2106 3305 ex
2151 3245 2326 3306 utro·

310 3349 433 3410 que
478 3349 730 3413 genere,
776 3331 841 3393 et
876 3327 1037 3392 iuris
1075 3314 1325 3392 dicendi
1363 3331 1428 3392 et
1467 3331 1791 3393 sartorum
1828 3332 2151 3394 tectorum
2198 3329 2324 3394 exi·
2353 3347 2409 3388 ss

313 3414 697 3499 gendorum,
743 3437 819 3481 ea
862 3415 1237 3499 postuletiS,
1293 3438 1456 3499 quae
1501 3416 1778 3480 maxime
1826 3415 2024 3502 digna
2071 3418 2203 3482 sint
2250 3439 2326 3482 eo

208 3513 314 3563 104
351 3521 481 3584 reo,
509 3501 612 3567 cui
637 3523 910 3586 parvum
939 3526 1014 3569 ac
1041 3503 1360 3569 mediocre
1390 3503 1561 3570 obici
1583 3504 1751 3569 nihil
1782 3509 2100 3590 oporteat.
2154 3505 2325 3573 Nam

201 1795 300 1845 103
