2566 4016
275 167 406 233 202
865 167 946 221 IN
986 166 1043 222 C.
1081 165 1390 222 VERREM
1424 165 1585 221 ACT.
1623 169 1693 222 ΙΙ.

272 311 537 398 praedia
590 312 818 396 populi
871 311 1152 377 Romani
1206 314 1359 376 sunt
1413 311 1762 397 vectigalia
1815 315 2042 377 nostra
2102 317 2299 396 atque

272 400 670 484 provinciae,
735 421 927 483 quem
987 399 1069 464 ad
1125 400 1391 464 modum
1444 399 1826 483 propinquis
1881 420 1999 464 vos
2058 402 2297 465 vestris

271 488 553 572 praediis
610 488 887 552 maxime
943 487 1379 570 delectamini,
1434 487 1527 551 sic
1572 488 1816 571 populo
1862 486 2160 553 Romano
2206 490 2298 554 iu-

271 576 482 640 cunda
528 576 987 641 suburbanitas
1035 579 1135 640 est
1179 574 1446 639 huiusce
1491 575 1878 658 provinciae.
1960 573 2103 639 Iam
2143 598 2295 642 vero

269 663 608 728 hominum
642 664 954 749 ipsorum,
989 663 1248 742 iudiceS,
1289 684 1366 728 ea
1400 663 1737 748 patientia,
1782 663 1990 727 virtus
2027 663 2295 749 frugali·
2323 690 2350 732 5

270 756 503 836 tasque
549 756 678 834 est,
727 755 801 816 ut
845 752 1137 834 proxime
1184 750 1267 816 ad
1312 754 1607 816 nostram
1654 750 2064 834 disciplinam
2110 752 2296 817 illam

269 843 582 922 veterem,
625 860 759 904 non
806 839 887 904 ad
931 838 1125 922 hanc,
1181 860 1346 923 quae
1390 859 1560 904 nunc
1606 839 1987 921 increbruit,
2040 839 2296 905 videan-

269 931 379 991 tur
417 926 741 1010 accedere3
786 927 952 992 nihil
992 931 1354 992 ceterorum
1393 927 1605 991 simile
1653 924 2067 1011 Graecorum,
2112 928 2296 993 nulla

269 1015 532 1098 desidia,
575 1015 760 1079 nulla
804 1015 1108 1097 luxuries,
1154 1018 1382 1080 contra
1427 1036 1717 1079 summus
1754 1015 1945 1079 labor
1979 1014 2049 1079 in
2083 1015 2295 1099 publi-

267 1103 359 1168 cis
403 1103 805 1187 privatisque
841 1104 1054 1187 rebus,
1101 1123 1355 1167 summa
1390 1102 1807 1186 parsimonia,
1854 1124 2105 1167 summa
2143 1103 2292 1167 dili-
2324 1131 2378 1172 ιο

269 1191 508 1276 gentia.
606 1188 712 1255 Sic
764 1212 959 1275 porro
1013 1193 1275 1256 nostros
1333 1190 1627 1255 homines
1686 1190 1994 1275 diligunt,
2057 1194 2132 1255 ut
2184 1191 2292 1255 his

268 1279 426 1343 solis
499 1300 707 1362 neque
781 1279 1168 1363 publicanus
1240 1299 1449 1362 neque
1503 1278 1893 1379 negotiator
1967 1278 2115 1342 odio
2191 1279 2293 1343 sit.

192 1380 228 1430 8
266 1365 776 1451 Magistratuum
823 1372 1039 1431 autem
1084 1371 1462 1431 nostrorum
1497 1366 1768 1431 iniurias
1804 1366 1900 1430 ita
1936 1367 2293 1432 multorum

267 1454 577 1536 tulerunt,
615 1457 689 1517 ut
714 1473 1067 1537 numquam
1101 1457 1250 1518 ante
1277 1453 1403 1519 hoc
1435 1458 1694 1538 tempus
1734 1453 1816 1518 ad
1853 1475 2032 1518 aram
2071 1455 2292 1541 legum

265 1540 787 1625 praesidiumque
845 1545 1135 1606 vestrum
1197 1542 1461 1625 publico
1525 1542 1796 1607 consilio
1862 1542 2292 1628 confugerint,
2320 1570 2376 1611 15

265 1628 531 1693 tametsi
577 1632 643 1692 et
687 1628 875 1692 illum
922 1650 1162 1693 annum
1207 1630 1632 1713 pertulerant,
1679 1630 1791 1730 qui
1837 1629 1928 1694 sic
1974 1651 2084 1694 eos
2133 1630 2294 1694 affli-

263 1720 476 1800 xerat,
539 1719 614 1781 ut
678 1716 844 1781 salvi
909 1737 1049 1781 esse
1108 1738 1239 1781 non
1285 1721 1580 1802 possent,
1633 1717 1761 1781 nisi
1818 1715 1886 1782 C.
1942 1717 2290 1784 Marcellus

267 1805 454 1888 quasi
510 1805 726 1887 aliquo
781 1803 921 1869 fato
977 1804 1288 1888 venisset,
1343 1809 1418 1870 ut
1471 1805 1573 1869 bis
1630 1826 1706 1869 ex
1763 1805 1986 1869 eadem
2040 1805 2291 1870 familia

160 1956 173 1961 ff,
266 1894 443 1957 salus
482 1891 740 1958 Siciliae
787 1892 1306 1975 constitueretur,
1352 1896 1417 1957 et
1464 1896 1615 1977 post
1659 1891 1745 1957 M.
1783 1892 2033 1957 Antoni
2078 1894 2289 1957 infini-

264 1984 405 2046 tum
459 1981 626 2046 illud
677 1981 1022 2065 imperium
1069 1984 1421 2046 senserant.
1513 1978 1619 2046 Sic
1664 2003 1704 2045 a
1750 1981 2104 2047 maioribus
2151 1982 2289 2048 suis
2318 2010 2378 2052 20

267 2074 666 2153 acceperant,
711 2073 900 2134 tanta
944 2070 1172 2154 populi
1207 2068 1489 2133 Romani
1532 2069 1601 2132 in
1638 2066 1890 2134 Siculos
1933 2090 2070 2134 esse
2099 2069 2291 2135 bene·

264 2157 428 2241 ficia,
476 2161 550 2221 ut
597 2157 794 2222 etiam
824 2157 1109 2221 ‘iniurias
1153 2160 1530 2221 nostrorum
1576 2156 1914 2222 hominum
1967 2156 2290 2242 perferen-

194 2259 226 2307 9
265 2244 378 2310 das
438 2248 763 2328 putarent.
852 2242 932 2307 In
976 2244 1301 2308 neminem
1347 2245 1641 2309 civitates
1690 2249 1841 2309 ante
1887 2246 2057 2311 hunc
2103 2246 2289 2310 testi-

263 2332 555 2396 monium
599 2331 856 2415 publice
905 2330 1229 2415 dixerunt;
1273 2332 1446 2397 hunc
1493 2332 1766 2416 denique
1811 2333 2027 2418 ipsum
2072 2338 2289 2418 pertu-

263 2419 522 2499 lissent,
574 2418 630 2481 si
674 2418 958 2482 humano
1006 2419 1226 2503 modo,
1273 2420 1331 2483 si
1376 2420 1621 2485 usitato
1669 2442 1866 2502 more,
1913 2422 1970 2485 si
2016 2421 2288 2505 denique
2319 2448 2375 2491 25
2463 2461 2476 2472 ·

262 2527 391 2570 uno
457 2505 675 2588 aliquo
735 2506 805 2572 in
868 2527 1101 2592 genere
1163 2512 1511 2591 peccasset.
1612 2505 1738 2573 Sed
1802 2531 1948 2583 cum
2001 2510 2289 2594 perferre

262 2614 395 2658 non
439 2596 708 2677 possent
754 2594 1091 2678 luxuriem,
1139 2596 1608 2696 crudelitatem,
1656 2597 2018 2680 avaritiam,
2068 2618 2287 2681 super-

263 2682 457 2766 biam,
504 2704 650 2746 cum
697 2682 916 2747 omnia
962 2704 1079 2747 sua
1125 2684 1479 2783 commoda,
1525 2684 1693 2767 iura,
1745 2685 2057 2749 beneficia
2104 2706 2288 2749 sena·

261 2773 369 2834 tus
415 2770 769 2854 populique
815 2770 1096 2835 Romani
1139 2771 1331 2835 unius
1372 2772 1612 2836 scelere
1661 2793 1736 2836 ac
1767 2771 2037 2839 libidine
2074 2772 2288 2858 perdi·

263 2857 536 2941 dissent,
600 2857 723 2930 hoc
789 2862 1184 2943 statuerunt,
1250 2862 1365 2924 aut
1418 2859 1609 2924 istius
1664 2860 1933 2925 iniurias
1989 2882 2106 2945 per
2169 2882 2286 2925 vos
2320 2887 2378 2929 so

260 2947 486 3012 ulcisci
541 2967 615 3011 ac
669 2946 970 3031 persequi
1026 2950 1165 3029 aut,
1221 2947 1278 3011 si
1331 2947 1519 3011 vobis
1575 2946 1827 3032 indigni
1883 2952 2101 3022 essent
2147 2948 2290 3031 visi,

263 3035 496 3118 quibus
544 3056 734 3118 opem
778 3034 1216 3117 auxiliumque
1253 3034 1532 3119 ferretiS,
1577 3035 1770 3100 urbes
1810 3058 1885 3101 ac
1923 3036 2105 3101 sedes
2136 3057 2289 3101 suas

181 3171 226 3233 4
261 3123 652 3206 relinquere,
715 3122 1234 3206 quandoquidem
1300 3143 1493 3207 agros
1548 3122 1679 3187 iam
1737 3128 1887 3188 ante
1941 3124 2135 3188 istius
2189 3123 2293 3188 in-

159 3246 224 3296 10
260 3209 444 3274 iuriis
474 3210 788 3295 exagitati
815 3210 1249 3293 reliquissent.
1321 3209 1465 3275 Hoc
1493 3211 1764 3276 consilio
1804 3212 1887 3276 ab
1919 3210 1993 3276 L.
2019 3211 2291 3276 Metello

261 3297 623 3381 legationes
670 3297 1008 3363 universae
1053 3298 1445 3382 petiverunt,
1491 3302 1564 3362 ut
1611 3321 1806 3383 quam
1851 3299 2138 3383 primum
2173 3299 2291 3364 isti
2323 3325 2379 3368 ³5

264 3383 654 3466 succederet,
703 3384 828 3449 hoc
874 3386 1089 3451 animo
1136 3386 1379 3450 totiens
1429 3386 1599 3470 apud
1643 3391 1957 3471 patronos
2015 3388 2092 3451 de
2153 3387 2292 3452 suis

262 3468 539 3533 miseriis
600 3471 1047 3557 deplorarunt,
1111 3474 1234 3538 hoc
1291 3474 1600 3539 commoti
1664 3474 1887 3540 dolore
1950 3475 2295 3559 postulata
