2566 4016
656 223 791 280 ΜΒ.
818 222 872 278 V
934 223 1087 279 CAP.
1127 230 1333 280 39—41
1374 232 1405 291 s
1443 230 1740 281 101—106.
2088 225 2217 290 467

203 371 518 452 poterone
544 367 833 432 animum
863 366 1199 432 advertere
1225 367 1297 431 in
1325 389 1454 452 eos,
1493 388 1654 452 quos
1682 367 1856 434 dicto
1885 369 2218 435 audientes

204 475 346 520 esse
399 454 590 541 iussi,
640 455 916 520 missum
967 454 1182 520 facere
1234 475 1409 539 eum,
1464 455 1617 539 quoi
1661 460 2059 539 potestatem
2102 458 2219 523 im-

201 542 583 629 periumque
644 542 955 628 permisi?
1028 541 1341 629 poterone
1402 564 1514 608 eos
1569 542 1827 609 afficere
1881 546 2220 646 supplicio,

203 631 315 714 qui
365 629 760 696 Cleomenen
814 631 1019 696 secuti
1071 634 1251 714 sunt,
1304 631 1639 716 ignoscere
1694 630 2052 717 Cleomeni,
2108 633 2221 716 qui

148 736 175 778 ⁵
204 738 436 784 secum
464 718 691 805 fugere
736 722 804 783 et
847 740 919 783 se
964 719 1270 803 consequi
1315 719 1551 785 iussit?
1605 723 1918 804 poterone
1965 742 2106 786 esse
2149 720 2220 784 in

204 827 315 872 eos
352 807 719 890 vehemens,
764 806 877 890 qui
914 806 1101 872 navis
1144 827 1280 872 non
1323 807 1517 872 modo
1561 807 1786 873 inanes
1832 808 2219 892 habuerunt,

204 894 317 960 sed
361 892 569 961 etiam
624 899 912 980 apertas,
964 894 1035 959 in
1087 914 1236 960 eum
1287 894 1671 996 dissolutae,
1723 897 1835 980 qui
1881 898 2060 961 solus
2105 896 2218 961 ιιε-

200 982 422 1049 buen't
441 987 846 1049 constratam
869 1001 1104 1048 navem
1132 986 1200 1046 et
1236 983 1455 1048 minus
1488 983 1927 1050 exinanitam?
1982 984 2218 1051 Pereat

202 1067 581 1136 Cleomenes
651 1069 832 1136 unal'
879 1068 1072 1135 Ubi
1133 1069 1320 1153 fides,
1391 1071 1504 1136 ubi
1569 1072 2032 1157 execrationes,
2102 1073 2217 1137 ubi

117 1175 174 1216 lo
204 1157 505 1223 dexterae
549 1154 1049 1242 conplexusque,
1091 1157 1208 1221 ubi
1249 1158 1415 1223 illud
1459 1160 1952 1224 contubernium
1994 1161 2217 1225 mulie·

201 1245 344 1309 bris
386 1245 662 1310 militiae
704 1245 776 1309 in
797 1245 938 1310 illo
984 1244 1447 1311 delicatissimo
1493 1246 1729 1312 litore?
1814 1246 1989 1312 Fieri
2030 1248 2215 1312 nullo

202 1332 398 1398 modo
432 1336 712 1434 poterat,
743 1333 907 1421 quin
928 1328 1268 1398 Cleomeni
1303 1335 1693 1418 parceretur.
1754 1333 1970 1400 Vocat
1997 1333 2181 1402 Cleo-
2219 1348 2321 1398 105

201 1440 461 1505 menen,
533 1419 739 1485 dicit
752 1421 813 1486 ei
876 1439 952 1485 se
1018 1419 1328 1509 statuisse
1401 1422 1689 1487 animum
1755 1424 2087 1489 advertere
2145 1424 2218 1489 in

202 1508 414 1574 omnis
474 1508 867 1593 nauarchos3
919 1509 1025 1574 ita
1088 1506 1189 1572 sui
1248 1509 1520 1594 periculi
1572 1511 1860 1577 rationes
1913 1512 2084 1577 ferre
2139 1533 2215 1578 ac

119 1612 173 1654 ιε
199 1598 554 1698 postulare.
637 1595 818 1661 Tibi
870 1597 984 1661 uni
1036 1616 1300 1681 parcam
1356 1602 1423 1662 et
1474 1599 1695 1683 potius
1746 1600 1939 1665 istius
1985 1601 2214 1684 culpae

200 1685 446 1751 crimen
537 1684 1209 1770 vituperationemque
1297 1685 1773 1752 inconstantiae
1862 1689 2214 1773 suscipiam

202 1794 397 1856 quam
433 1777 550 1838 aut
581 1773 655 1837 in
687 1777 755 1837 te
791 1774 917 1838 sim
953 1773 1231 1839 crudelis
1269 1777 1383 1838 aut
1425 1777 1532 1837 tot
1572 1778 1713 1837 tam
1758 1775 1979 1863 gravis
2024 1776 2216 1840 testis

199 1860 384 1925 vivos
436 1860 922 1944 incolumesque
976 1880 1118 1924 esse
1171 1861 1406 1944 patiar.
1408 1859 1430 1887 ’
1511 1859 1676 1945 Agit
1733 1853 1981 1945 gratias
2033 1861 2215 1929 Cleo-

200 1968 447 2033 menes,
510 1946 832 2032 adprobat
892 1946 1261 2033 consilium,
1324 1947 1480 2012 dicit
1540 1947 1638 2013 ita
1695 1948 1836 2013 fieri
1875 1953 2215 2051 oportere,

114 2054 174 2095 so
201 2036 508 2102 admonet
560 2039 783 2101 tamen
824 2033 1017 2119 illud,
1072 2034 1245 2119 quod
1289 2033 1491 2102 istum
1533 2035 1822 2121 fugerat,
1869 2037 1941 2101 in
1983 2037 2214 2104 Phala-

202 2146 400 2209 crum,
427 2122 921 2208 Centuripinum
947 2121 1365 2207 nauarchum,
1390 2143 1523 2187 non
1548 2144 1741 2208 posse
1769 2124 2215 2211 animadverti,

198 2217 547 2298 propterea
620 2210 792 2296 quod
864 2229 1079 2276 secum
1147 2229 1282 2276 una
1351 2209 1586 2275 fuisset
1655 2211 1726 2276 ιιι
1792 2212 2216 2299 Centuripina

202 2300 611 2384 quadriremi.
683 2298 852 2375 Quid
887 2299 1088 2385 ergo?
1134 2299 1261 2364 iste
1296 2299 1497 2364 homo
1533 2320 1611 2363 ex
1656 2299 1793 2364 eius
1837 2301 2016 2366 modi
2061 2302 2215 2368 civi-

199 2392 366 2472 tate,
412 2388 787 2453 adulescens
828 2387 1305 2472 nobilissimus,
1350 2387 1540 2452 testis
1587 2387 2031 2472 relinquetur?
2114 2390 2217 2455 In

111 2493 171 2535 ²⁵
198 2439 1432 2717 Ξέῗζξὲζᾰεῗὲῗὲιαοὶῗὲΐῶῗὲ,
1418 2476 1905 2630 3ῗὲἒὲἶοιὲεὲ
1951 2499 2215 2651 3ζὲἶὲἰὲ

198 2674 355 2736 poss

331 2738 511 2805 Haec
537 2743 976 2824 posteaquam
995 2743 1145 2805 acta
1180 2744 1247 2805 et
1285 2740 1644 2806 constituta
1680 2744 1850 2823 sunt,
1885 2741 2178 2825 procedit
2218 2703 2320 2828 ff}

198 2826 325 2890 iste
347 2830 614 2911 repente
639 2847 675 2889 e
701 2827 1027 2927 praetorio
1053 2827 1495 2892 inflammatus
1524 2828 1781 2911 scelere,
1806 2827 2186 2912 furore,cru

105 2931 173 2975 ao
199 2913 495 2997 delitate3
528 2913 601 2977 ιιι
624 2914 841 2978 forum
867 2913 1066 2995 venit,
1099 2911 1462 2979 nauarchos
1490 2915 1603 2994 [ad
1632 2917 1728 2995 se]
1762 2915 1982 2980 vocari
2016 2914 2214 2981 iubet.

198 3000 324 3079 Qui
358 3001 525 3067 nihil
561 2996 944 3086 metuerent,
988 2964 1155 3065 nihil
1193 3001 1693 3085 suspicarentur,
1739 3002 1966 3067 statim
2002 3025 2214 3069 accur·

196 3095 367 3156 runt.
431 3090 566 3156 Iste
594 3051 968 3155 hominibus
995 3089 1253 3155 miseris
1279 3090 1779 3156 innocentibus
1758 3091 1915 3155 mici
1950 3096 2214 3157 catenas

193 3179 494 3265 imperat.
562 3175 926 3264 Implorare
970 3177 1073 3241 illi
1101 3173 1311 3243 fidem
1356 3177 1693 3262 praetoris
1727 3182 1811 3262 et,
1858 3200 1986 3262 qua
2027 3201 2100 3244 re
2143 3179 2213 3244 id
2292 3226 2299 3231 -

192 3267 463 3353 faceret,
536 3285 789 3353 rogare.
888 3264 1055 3331 Tum
1116 3265 1244 3330 iste
1306 3266 1431 3331 hoc
1493 3284 1721 3331 causae
1786 3266 1966 3352 dicit,
2041 3267 2212 3351 quod

99 3372 167 3418 es
194 3356 470 3423 classem
524 3351 961 3442 praedonibus
1004 3351 1463 3440 prodidissent.
1541 3352 1651 3418 Fit
1694 3355 1942 3420 clamor
1988 3290 2084 3420 etq
2099 3355 2211 3420 ad-

191 3445 455 3511 miratio
518 3443 747 3530 populi
811 3446 1068 3508 tantam
1131 3463 1271 3508 esse
1325 3443 1398 3507 ιιι
1449 3441 1713 3508 homine
1762 3436 2209 3528 inpudentiam

194 3536 390 3617 atque
446 3532 809 3617 audaciam,
862 3535 938 3597 ut
992 3535 1107 3597 aut
1157 3529 1306 3598 aliis
1353 3552 1614 3597 causam
1663 3531 2056 3598 calamitatis
2104 3532 2209 3596 εει-

1566 3634 1783 3689 -3o*
