2566 4016
329 213 459 279 240
926 209 1004 263 m
1042 208 1098 264 c,
1128 207 1440 263 VERREM
1477 205 1741 263 Acmen.

327 357 454 422 fuit
487 360 687 421 aenea
720 353 951 419 tabula
983 353 1114 417 fixa
1141 351 1441 417 Thermis
1477 351 1548 416 in
1581 351 1778 434 curia,
1814 351 1884 414 in
1922 370 2050 433 qua
2084 348 2338 434 publice

330 448 471 510 erat
535 443 612 508 de
669 442 861 507 huius
915 441 1240 506 beneficiis
1299 439 1611 523 scriptum
1666 442 1733 503 et
1784 437 2101 503 incisum?
2178 458 2339 521 quae

329 532 558 597 tabula
611 534 751 595 tum
806 529 1079 615 imperio
1133 532 1248 593 tuo
1303 528 1588 610 revulsa,
1645 547 1813 592 1111110
1868 547 1909 589 a
1960 545 2065 589 me
2120 528 2341 590 tamen

332 621 673 705 deportata
726 622 853 701 est,
906 621 980 681 ut
1036 637 1257 681 omnes
1315 616 1450 679 eius
1505 615 1785 679 honores
1842 613 2011 677 inter
2069 634 2219 678 suos
2274 616 2342 677 et

230 722 330 771 113
368 706 860 791 amplitudinem
885 708 1153 789 possent
1180 723 1585 804 cognoscere.
1638 701 1843 766 Estne
1870 701 1995 784 hic,
2032 700 2144 784 qui
2172 701 2341 784 apud
2369 719 2395 758 ⁵

332 794 447 861 Cn.
465 793 864 878 Pompeium,
892 793 1325 857 clarissimum
1351 791 1582 873 virum,
1611 811 1756 854 cum
1784 792 2124 854 accusatus
2154 792 2341 872 esset,

334 882 507 967 quod
575 884 843 966 propter
915 879 984 946 O.
1039 880 1205 945 Mari
1274 878 1793 943 familiaritatem
1857 880 1922 941 et
1984 875 2341 960 hospitium

333 973 562 1036 contra
615 990 753 1032 rem
798 968 1126 1052 publicam
1172 966 1450 1031 sensisse
1496 988 1643 1030 eum
1687 964 1934 1029 inimici
1979 968 2045 1029 et
2091 985 2343 1029 accusa-

331 1063 508 1122 tores
563 1056 700 1122 eius
755 1055 1065 1138 dicerent,
1121 1075 1393 1138 cumque
1431 1053 1657 1139 magis
1711 1052 2030 1117 invidioso
2077 1052 2343 1117 crimine

336 1167 532 1230 quam
576 1165 730 1209 vero
778 1146 1234 1226 arcesseretur‚
1277 1143 1376 1205 ita
1420 1164 1460 1206 a
1497 1140 1611 1207 Gn.
1647 1140 1956 1226 Pompeio
2003 1140 2342 1204 absolutus
2375 1159 2431 1199 10

335 1237 454 1316 est,
499 1236 574 1297 ut
610 1233 680 1296 in
716 1253 791 1296 eo
837 1231 980 1316 ipso
1018 1230 1251 1294 iudicio
1289 1228 1635 1313 Pompeius
1676 1228 1847 1293 hunc
1891 1227 2179 1311 hospitio
2225 1249 2343 1292 suo

336 1320 788 1406 dignissimum
818 1318 1180 1383 statueret?
1225 1318 1323 1382 ita
1348 1338 1543 1403 porro
1581 1316 1883 1381 laudatus
1921 1315 2346 1399 defensusque

336 1408 419 1473 ab
460 1407 758 1471 omnibus
798 1404 1050 1489 Siculis,
1094 1409 1169 1470 ut
1204 1405 1378 1469 idem
1414 1405 1758 1488 Pompeius
1796 1425 1927 1469 non
1964 1404 2045 1468 ab
2083 1403 2347 1468 homine

337 1495 568 1577 solum,
606 1494 719 1558 sed
748 1494 947 1558 etiam
976 1516 1016 1557 a
1050 1493 1385 1577 provincia
1419 1496 1563 1557 tota
1601 1513 1669 1557 se
1705 1492 1896 1556 huius
1936 1492 2348 1557 absolutione

334 1583 500 1646 inire
556 1581 837 1667 gratiam
884 1580 1356 1645 arbitraretur?
1436 1579 1776 1645 Postremo
1823 1583 2005 1645 estne
2048 1580 2180 1662 1110,
2235 1580 2352 1663 qui
2378 1595 2436 1636 15

336 1674 403 1733 et
441 1668 727 1734 animum
762 1670 831 1732 in
866 1690 1005 1732 rem
1040 1668 1370 1753 publicam
1413 1666 1647 1731 habuit
1693 1668 1830 1731 eius
1876 1667 2051 1732 modi
2096 1671 2163 1732 et
2205 1670 2350 1731 tan·

334 1762 477 1822 tum
533 1757 921 1821 auctoritate
968 1756 1138 1839 apud
1183 1776 1335 1819 suos
1381 1755 1553 1819 cives
1597 1756 1839 1838 potuit,
1891 1760 1966 1819 ut
2012 1756 2352 1839 perficeret

336 1846 406 1909 in
451 1843 672 1910 Sicilia
728 1844 906 1908 solus
960 1846 1027 1907 te
1077 1846 1405 1926 praetore,
1461 1842 1633 1926 quod
1674 1864 1807 1908 non
1851 1842 2043 1907 modo
2093 1841 2349 1907 Siculus

334 1954 554 2017 nemo,
617 1931 728 1995 sed
791 1952 873 1995 ne
926 1927 1148 1996 Sicilia
1211 1930 1470 2015 quidem
1532 1933 1677 1994 tota
1729 1930 2077 2015 potuisset,
2140 1936 2213 1995 ut
2268 1952 2351 1995 ex

336 1983 1211 2191 ἓΐιξέἷᾶξχΤέαῖἙῖᾟῖῗᾚῗ
1244 2040 1535 2191 affl?
1554 2019 2356 2191 αῗὲἓξξὶθὲἢῗιῗῗὲἓ
2381 2036 2438 2076 ²⁰

308 2196 565 2260 sertim
617 2198 683 2258 et
729 2198 946 2258 essent
990 2195 1200 2258 multa
1243 2195 1580 2278 praeclara
1624 2199 1690 2258 et
1734 2198 1809 2258 tu
1855 2195 2072 2259 omnia
2115 2216 2352 2260 concu-

235 2295 337 2344 114
374 2281 625 2366 pisses‘?
704 2280 1000 2364 Denique
1043 2302 1215 2344 nunc
1257 2281 1427 2363 vide,
1468 2281 1621 2365 quid
1665 2282 1834 2346 inter
1876 2285 1963 2366 te,
2007 2281 2187 2347 cuius
2232 2304 2353 2347 no·

338 2369 510 2433 mine
575 2368 747 2449 apud
801 2365 1049 2431 Siculos
1107 2367 1240 2432 dies
1294 2368 1450 2432 festi
1503 2369 1838 2455 agitantur
1892 2373 1959 2433 et
2011 2370 2354 2453 praeclara

337 2456 456 2519 illa
503 2453 737 2522 Verria
800 2455 1235 2540 celebrantur,
1300 2456 1477 2520 cuius
1543 2460 1799 2522 statuae
1857 2457 2103 2522 Romae
2166 2462 2355 2524 stant
2382 2475 2438 2516 2⁵

336 2543 675 2607 inauratae
732 2565 771 2605 a
828 2544 1153 2607 communi
1207 2542 1491 2625 Siciliae,
1557 2566 1747 2628 quem
1802 2543 1885 2609 ad
1937 2544 2200 2610 modum
2252 2545 2356 2610 111-

339 2631 651 2714 scriptum
687 2630 1006 2714 videmus,
1052 2631 1241 2695 datae
1294 2668 1369 2678 -
1420 2632 1591 2715 vide,
1635 2632 1928 2717 inquam,
1975 2633 2129 2716 quid
2173 2634 2354 2698 inter

338 2723 406 2783 te
452 2722 517 2782 et
563 2717 733 2783 hunc
779 2715 1091 2802 Siculum,
1137 2719 1249 2803 qui
1296 2719 1413 2784 abs
1459 2724 1526 2783 te
1572 2723 1698 2802 est,
1743 2723 2022 2802 patrono
2069 2718 2358 2807 Siciliae,

339 2807 831 2889 condemnatus,
879 2806 1157 2871 intersit.
1237 2805 1430 2871 Hunc
1475 2807 1770 2871 civitates
1818 2829 1896 2872 ex
1940 2806 2161 2874 Sicilia
2204 2831 2359 2893 per-

338 2895 585 2959 multae
648 2894 1023 2958 testimonio
1080 2915 1196 2958 suo
1251 2894 1818 2979 legationibusque
1873 2895 1957 2960 ad
2011 2917 2152 2961 eam
2208 2918 2359 2963 rem
2387 2915 2443 2955 ³⁰

338 2981 556 3046 missis
600 2982 858 3066 publice
903 2981 1200 3066 laudant,
1248 2985 1342 3063 te,
1388 2982 1675 3046 omnium
1721 2980 2084 3048 Siculorum
2127 2988 2362 3068 patro·

334 3092 510 3153 num,
555 3091 684 3133 una
727 3069 1117 3134 Mamertina
1161 3069 1411 3152 civitaS,
1457 3070 1631 3135 socia
1674 3068 1999 3136 furtorum
2045 3094 2121 3137 ac
2165 3072 2364 3159 flagi·

337 3158 579 3221 tiorum
614 3160 893 3239 tuorum,
937 3156 1194 3240 publice
1240 3156 1482 3240 laudat,
1527 3158 1623 3222 ita
1666 3162 1888 3222 tamen
1932 3180 2101 3224 novo
2147 3181 2365 3245 more,

337 3248 411 3308 ut
467 3244 671 3328 legati
720 3244 1007 3328 laedant,
1062 3244 1308 3330 legatio
1354 3245 1602 3328 laudet,
1657 3249 1907 3310 ceterae
1955 3246 2218 3330 quidem
2267 3250 2366 3314 ci-

337 3331 576 3394 vitates
620 3331 878 3414 publice
923 3332 1181 3415 litteris,
1227 3332 1683 3433 legationibus,
1728 3334 2120 3399 testimoniis
2170 3358 2369 3403 110011-
2398 3353 2450 3394 ⁸⁵

341 3420 506 3497 sant,
535 3423 904 3502 queruntur,
934 3423 1243 3505 arguunt3
1272 3420 1330 3484 si
1352 3424 1427 3484 tu
1452 3421 1789 3486 absolutus
1820 3421 1929 3506 sis,
1957 3443 2025 3486 se
2052 3422 2370 3491 funditus

342 3521 598 3565 eversas
645 3524 784 3569 esse
831 3507 1251 3572 arbitrantur.
