2566 4016
736 239 814 293 IN
854 239 910 294 C.
941 240 1250 294 VERREM
1288 241 1506 297 ACTIO
1543 241 1793 297 PRIMA.
2137 243 2260 307 121

245 386 456 447 strum
514 386 614 448 est
669 383 978 469 deligere,
1035 406 1224 469 quem
1281 385 1665 451 existimetis
1720 386 2028 452 facillime
2072 409 2264 472 posse

246 470 764 556 magnitudinem
831 493 1062 536 causae
1129 495 1202 537 ac
1266 473 1484 538 iudicii
1540 475 1858 539 sustinere
1914 475 2061 558 fide,
2127 477 2303 540 dili--

249 559 493 644 gentia,
535 559 827 644 consilio,
874 561 1278 625 auctoritate.
1342 559 1480 627 Vos
1520 562 1576 627 si
1611 562 1771 627 mihi
1812 563 1882 639 Q.
1912 561 2264 628 Caecilium
2294 635 2311 647 ι

248 647 772 732 anteposueritis,
817 668 941 733 ego
988 670 1090 712 me
1136 649 1457 734 dignitate
1503 656 1876 735 superatum
1920 672 2052 716 non
2099 651 2265 715 arbi-

247 734 503 818 trabor3
569 736 846 820 populus
920 735 1251 802 Romanus
1324 759 1405 801 ne
1477 742 1616 803 tam
1679 739 2049 822 honestam,
2127 742 2264 802 tam

248 844 543 888 severam
582 823 1087 909 diligentemque
1125 825 1600 892 accusationem
1646 848 1853 911 neque
1897 827 2084 892 vobis
2129 827 2266 910 pla-

246 912 457 977 cuisse
483 933 690 996 neque
721 912 933 978 ordini
959 919 1175 978 vestro
1212 913 1468 998 placere
1506 916 1878 1001 arbitretur,
1912 915 2266 1001 providete.

768 1440 863 1513 M.
914 1439 1200 1513 TULLI
1256 1440 1751 1516 CICERONIS

325 1602 458 1687 IN
541 1602 627 1688 ο.
694 1602 1224 1689 VERREM
1304 1548 2192 1694 ΑΟΤΙΟΡΒῘΜΑ.

1151 1791 1363 1801 *—

556 1892 1185 1961 ARGUMENTUM
1229 1892 1955 1961 PSEUDO-ASCONI.

388 2013 556 2069 Victo
586 2015 829 2069 Caecilio
867 2018 925 2069 et
962 2016 1320 2070 accusatione
1358 2016 1431 2068 ad
1468 2031 1526 2069 se
1564 2015 1754 2069 delata
1790 2015 1982 2070 Cicero
2020 2031 2145 2068 cum
2181 2016 2264 2070 in·

244 2085 565 2154 quisitionis
592 2089 815 2167 tempus
853 2088 910 2139 in
950 2085 1197 2140 Siciliam
1235 2086 1581 2155 postulasset
1615 2085 1734 2139 dies
1764 2084 1856 2139 CX
1894 2087 1952 2139 et
1987 2101 2112 2139 cum
2148 2085 2265 2141 filio

243 2158 438 2226 patrui
465 2156 553 2210 sui
576 2155 762 2210 Tullio
789 2159 970 2210 totam
989 2155 1346 2226 provinciam
1375 2156 1705 2226 colligendis
1732 2155 1936 2210 litteris
1962 2155 2261 2211 inVerrem

244 2230 306 2282 et
333 2227 727 2281 denuntiandis
753 2225 1093 2281 testimoniis
1121 2229 1482 2309 peragrasset
1517 2226 1712 2280 diebus
1740 2226 1802 2295 L,
1840 2225 1972 2295 quia
2006 2227 2263 2296 pedestre

243 2298 355 2351 iter
401 2313 470 2351 ex
511 2297 706 2351 Sicilia
750 2299 810 2351 et
852 2299 1083 2367 propter
1126 2298 1399 2368 fugitivos
1445 2300 1504 2352 et
1545 2299 1777 2367 propter
1805 2296 1994 2352 Verris
2032 2298 2265 2352 insidias

244 2367 563 2435 devitabat,
612 2383 647 2420 a
673 2366 891 2421 Vibone
929 2368 1168 2422 transiit.
1233 2367 1376 2422 Tam
1412 2371 1641 2438 repente
1679 2368 1980 2423 adveniens
2019 2387 2145 2424 cum
2180 2370 2261 2425 vi-

243 2439 405 2492 deret
448 2437 509 2490 id
554 2438 675 2508 agi,
720 2439 786 2490 ut
832 2453 867 2492 a
901 2437 994 2491 Μ’.
1025 2437 1326 2493 Glabrione
1361 2442 1620 2508 praetore
1658 2440 1716 2493 et
1752 2439 1823 2493 ab
1860 2439 1930 2493 iis
1966 2439 2262 2509 iudicibus,

243 2507 345 2577 qui
377 2511 512 2563 tunc
550 2510 734 2575 erant,
779 2508 852 2562 ad
889 2507 1061 2563 alium
1100 2525 1309 2563 annum
1347 2509 1628 2577 aliumque
1704 2512 1979 2567 raetorem
2016 2529 2104 2566 res
2139 2515 2290 2567 tota-

241 2578 510 2634 transiret
537 2578 952 2649 eripereturque
981 2579 1090 2633 sibi
1125 2595 1254 2635 reus
1290 2580 1605 2649 patrocinio
1689 2581 1901 2635 ortensi
1935 2597 2003 2635 ao
2028 2581 2263 2648 Metelli,

243 2649 339 2718 qui
368 2651 503 2703 tunc
532 2649 788 2703 consules
819 2649 994 2703 futuri
1026 2652 1186 2704 erant
1222 2653 1345 2720 (per
1379 2650 1484 2704 hos
1523 2665 1743 2704 omnem
1760 2650 1963 2706 Verres
2000 2652 2265 2706 eludendi

241 2719 440 2773 iudicii
482 2718 745 2773 fiduciam
792 2722 1155 2789 sumpserat),
1209 2721 1317 2774 hoc
1363 2721 1708 2774 commentus
1756 2723 1842 2774 est
1884 2720 2142 2788 rationis,
2199 2724 2264 2776 ut

244 2790 559 2845 orationem
602 2790 831 2860 longam
876 2789 1349 2859 praetermitteret
1390 2806 1571 2858 neque
1616 2791 1675 2844 in
1717 2791 2038 2845 criminibus
2076 2790 2261 2845 decla-

241 2860 493 2915 matione
513 2860 862 2914 cumulandis
878 2865 1102 2930 tempus
1131 2862 1464 2928 absumeret,
1495 2862 1595 2915 sed
1618 2864 1839 2916 tantum
1867 2862 2034 2915 modo
2063 2860 2264 2916 citaret

240 2934 419 2986 testes
466 2931 540 2984 ad
584 2948 759 2985 unum
802 2931 1060 2999 quodque
1104 2931 1315 2985 crimen
1359 2933 1676 3002 expositum
1722 2934 1781 2986 et
1825 2948 1920 2986 eos
1962 2931 2262 2985 Hortensio

242 3002 675 3071 interrogandos
718 3002 901 3068 daret3
948 3017 1060 3070 qua
1097 3004 1216 3056 arte
1253 3004 1337 3056 ita
1374 3006 1460 3057 est
1494 3001 1768 3071 fatigatus
1805 3001 2161 3069 Hortensius,
2198 3004 2264 3056 ut

242 3071 413 3139 nihil,
470 3073 664 3125 contra
713 3071 863 3139 quod
910 3071 1142 3140 diceret,
1197 3072 1500 3140 inveniret,
1547 3071 1666 3142 ipse
1713 3073 1885 3126 etiam
1919 3070 2122 3125 Verres
2168 3072 2260 3126 de·

246 3143 472 3212 sperato
508 3142 826 3211 patrocinio
863 3157 965 3196 sua
1002 3145 1200 3212 sponte
1238 3142 1552 3197 discederet
1586 3142 1644 3195 in
1682 3142 1925 3196 exilium.

386 3212 511 3267 Hoc
535 3212 712 3282 igitur
739 3212 965 3267 laborat
987 3213 1049 3267 in
1076 3213 1330 3267 oratione
1359 3214 1465 3267 hac
1489 3215 1615 3267 tota
1641 3211 1875 3279 Tullius,
1910 3213 1976 3265 ut
2004 3212 2264 3267 ostendat

241 3300 357 3339 non
383 3284 515 3349 dolo
551 3299 655 3337 nec
693 3282 930 3351 astutia,
980 3283 1078 3338 sed
1111 3283 1448 3338 necessitate
1484 3283 1668 3337 facere
1703 3282 1787 3351 id,
1824 3282 1974 3351 quod
2008 3282 2166 3349 fecit,
2205 3286 2264 3338 et

238 3348 427 3479 3355?
457 3353 903 3478 “dxiiii“{lffim
918 3353 1526 3478 ἔῖωὲᾴξὲἑῗιὲωέἒέἓ
1546 3355 1831 3478 ἓὲἓῗωῗ
1854 3352 1984 3477 {¹2⁸⁶
2021 3352 2263 3480 2332&

242 3442 392 3550 alind¹
406 3467 535 3550 kal.
564 3494 802 3563 Ianuar.,
839 3443 1167 3564 dispenslare
1203 3467 1474 3550 in’totius
1511 3509 1711 3548 causae
1749 3441 2044 3563 acilon’mii,
2078 3512 2149 3549 ne
2189 3496 2262 3548 ad

242 3565 418 3620 alium
435 3567 753 3636 praetorem
775 3564 1027 3634 aliosque
1044 3565 1256 3620 iudices
1278 3565 1441 3621 novis
1470 3565 1789 3620 consulibus
1815 3566 2151 3622 veniendum
2169 3566 2258 3620 sit.
