2566 4016
387 224 518 288 458
990 222 1070 275 IN
1108 220 1164 276 G.
1195 221 1506 276 VERREM
1540 219 1699 276 AOT.
1735 220 1805 275 ΙΙ.

387 366 602 431 fassus
657 387 831 432 esses
886 365 954 431 id
1008 365 1253 431 crimen
1305 369 1491 431 tanto
1547 368 1701 430 ante
1755 363 2092 446 metuisse,
2149 363 2212 429 si
2265 385 2421 430 eum

283 470 349 518 ⁷9
388 455 631 520 diceres
685 476 826 520 esse
872 457 1230 537 mortuum,
1285 453 1428 538 quis
1472 456 1539 518 te
1586 452 1879 518 audiret?
1968 451 2033 516 N
2034 473 2163 517 unc
2212 472 2421 535 quom

386 543 611 609 vivum
645 543 863 610 nescio
902 564 1093 627 quem
1133 542 1336 607 istum
1380 541 1702 626 producis,
1746 544 1965 605 tamen
2009 543 2079 603 te
2124 539 2422 606 derideri

387 632 595 716 vides3
649 632 845 715 quid‘?
908 631 966 695 si
1016 629 1403 716 aufugisset,
1461 630 1518 694 si
1560 629 1779 694 vincla
1820 629 2105 713 rupisset
2153 628 2289 711 ita,
2344 633 2421 694 ut

387 719 575 803 Nico,
617 720 732 785 ille
766 719 1213 784 nobilissimus
1253 719 1488 803 pirata,
1532 716 1705 800 fecit,
1746 738 1941 801 quem
1974 715 2046 780 P.
2084 713 2418 782 Servilius
2441 736 2463 777 ⁵

390 830 520 892 qua
544 808 859 873 felicitate
886 810 1164 892 ceperat,
1200 807 1424 872 eadem
1459 804 1883 890 recuperavit,
1918 804 2071 888 quid
2109 804 2419 870 diceres?

386 896 634 961 Verum
695 896 819 961 hoc
882 900 1049 961 erat.
1115 895 1172 960 si
1232 894 1347 960 ille
1410 894 1610 959 semel
1667 915 1860 958 verus
1919 893 2138 977 pirata
2196 894 2420 960 securi

384 1004 726 1067 percussus
783 987 981 1067 esset,
1035 983 1373 1066 pecuniam
1426 982 1612 1047 illam
1659 1003 1792 1046 11011
1835 981 2138 1064 haberest,
2199 982 2261 1046 si
2311 982 2418 1048 hic

382 1071 591 1136 falsus
647 1075 820 1137 esset
863 1075 1157 1136 mortuns
1204 1074 1320 1136 aut
1363 1070 1789 1155 profugisset,
1840 1091 1974 1134 non
2015 1073 2198 1135 esset
2245 1070 2418 1135 diffi-

383 1159 508 1224 cile
553 1160 756 1225 alium
801 1160 870 1224 in
915 1158 1238 1244 suppositi
1282 1159 1495 1224 locum
1542 1178 1921 1242 supponere.
1999 1156 2209 1222 Plura
2259 1159 2415 1242 dixi,
2438 1179 2475 1218 u

386 1269 582 1331 quam
644 1247 850 1332 volui,
915 1247 992 1311 de
1044 1247 1164 1312 illo
1220 1246 1617 1330 archipirata
1670 1249 1738 1311 et
1789 1249 2011 1311 tamen
2065 1267 2175 1328 ea,
2241 1268 2414 1330 quae
2506 1306 2507 1315 ,

383 1337 749 1401 certissima
785 1339 937 1400 sunt
972 1335 1163 1400 huius
1202 1334 1489 1401 criminis
1516 1337 1929 1435 argumenta,
1969 1336 2412 1418 praetermisi.

386 1423 558 1487 Volo
597 1423 769 1487 enim
806 1444 946 1488 esse
983 1426 1198 1487 totum
1234 1423 1398 1488 mihi
1440 1422 1684 1487 crimen
1727 1422 1851 1487 hoc
1895 1421 2263 1508 integrum3
2314 1428 2414 1488 est

386 1513 600 1575 certus
646 1511 852 1594 locus,
899 1513 1079 1575 certa
1123 1511 1254 1593 lex,
1300 1514 1547 1576 certum
1593 1509 1911 1593 tribunal,
1958 1531 2084 1594 quo
2131 1510 2268 1576 hoc
2317 1534 2412 1576 re·

277 1658 363 1784 {1
387 1600 887 1750 servfitdldtanta
921 1685 1164 1770 praeda
1201 1688 1449 1768 auctus,
1486 1685 1844 1771 mancipiiS,
1882 1689 2178 1771 argentO,
2227 1692 2413 1753 veste
2434 1618 2469 1657 1⁵

315 1735 349 1784 Ο
386 1774 823 1858 locupletatus
878 1773 1085 1839 nihilo
1141 1773 1521 1859 diligentior
1575 1774 1656 1838 ad
1702 1774 1978 1839 classem
2021 1775 2413 1859 ornandam,

383 1862 628 1928 milites
693 1863 1089 1928 revocandos
1156 1862 1549 1946 alendosque
1611 1883 1753 1928 esse
1816 1862 2056 1947 coepit,
2119 1884 2284 1928 cum
2342 1887 2411 1929 ea

383 1972 486 2016 res
548 1972 682 2016 non
745 1951 959 2016 solum
1019 1950 1390 2035 provinciae
1447 1949 1672 2035 saluti,
1734 1972 1962 2016 verum
2015 1950 2231 2017 etiam
2287 1953 2411 2040 ipsi

381 2040 659 2124 praedae
703 2044 928 2124 posset
974 2061 1134 2105 esse.
1211 2037 1387 2104 Nam
1432 2042 1681 2104 aestate
1729 2061 2008 2124 summa,
2064 2060 2203 2122 quo
2251 2046 2411 2108 tem·
2431 2062 2466 2100 11

381 2149 542 2211 pore
598 2128 794 2192 ceteri
848 2131 1181 2212 praetores
1232 2127 1413 2192 obire
1458 2127 1858 2211 provinciam
1904 2132 1971 2191 et
2014 2149 2413 2195 concursare

383 2220 775 2280 consuerunt
839 2219 952 2281 aut
1016 2216 1214 2280 etiam
1276 2214 1358 2279 111
1404 2218 1592 2279 tanto
1646 2216 2041 2298 praedonum
2097 2222 2297 2283 metu
2352 2224 2415 2284 et

381 2303 670 2387 periculo
725 2304 852 2387 ipsi
908 2303 1246 2388 navigare,
1301 2324 1377 2368 eo
1423 2307 1716 2403 tempore
1763 2303 1846 2368 ad
1888 2304 2224 2371 luxuriem
2270 2307 2416 2372 libi·

384 2390 692 2473 dinesque
750 2412 899 2455 suas
956 2391 1148 2456 domo
1204 2413 1324 2456 sua
1378 2390 1560 2475 regia
1612 2393 1806 2475 [quae
1859 2392 2032 2477 regis
2089 2392 2413 2460 Hieronis

379 2476 533 2559 fuit,
598 2499 727 2560 qua
787 2480 1121 2562 praetores
1184 2479 1283 2543 uti
1348 2479 1586 2559 solent]
1650 2483 1992 2545 contentus
2055 2502 2202 2546 11011
2267 2483 2415 2566 fuit,
2438 2501 2473 2541 ὅ

379 2564 827 2649 tabernacula,
891 2587 1082 2650 quem
1142 2566 1224 2632 ad
1276 2567 1541 2631 modum
1595 2572 1938 2633 consuerat
1989 2572 2417 2653 temporibus

381 2652 677 2736 aestivis,
741 2654 913 2737 quod
976 2658 1169 2721 antea
1231 2654 1697 2738 demonstravi,
1759 2656 2087 2721 carbaseis
2145 2658 2419 2726 intenta

380 2741 547 2806 velis
586 2742 912 2807 conlocari
946 2742 1140 2807 iussit
1173 2742 1244 2807 in
1279 2743 1490 2826 litore,
1527 2705 1700 2827 quod
1735 2749 1839 2808 est
1873 2744 2029 2809 litus
2066 2745 2139 2810 in
2176 2745 2420 2814 Insula

382 2827 718 2914 Syracusis
780 2834 934 2915 post
977 2830 1346 2896 Arethusae
1407 2830 1658 2896 fontem
1711 2837 1980 2917 propter
2031 2832 2269 2918 ipsum
2324 2838 2420 2904 in·

381 2919 656 2984 troitum
712 2922 908 3002 atque
964 2919 1205 2984 ostium
1254 2922 1484 3002 portus
1530 2940 1802 2985 amoeno
1848 2942 2005 2985 sane
2047 2924 2118 2985 et
2166 2924 2264 2988 ab
2315 2948 2420 2991 ar·
2439 2942 2476 2982 a

276 3016 345 3067 81
374 3006 576 3071 ·bitris
626 3011 879 3072 remoto
926 3008 1088 3072 1080.
1176 3005 1304 3071 Η18
1332 3006 1484 3071 dies
1532 3008 1816 3073 aestivos
1857 3012 2127 3094 praetor
2175 3015 2418 3112 populi

379 3094 659 3160 Romani
721 3098 939 3160 custos
1003 3094 1429 3179 defensorque
1490 3095 1861 3180 provinciae
1920 3097 2015 3162 sic
2066 3098 2276 3183 vixit,
2345 3107 2417 3168 ut

380 3184 726 3248 muliebria
751 3183 988 3248 cotidie
1020 3183 1317 3248 convivia
1352 3186 1587 3267 essent,
1622 3183 1724 3248 vir
1760 3185 2176 3252 accumberet
2214 3210 2417 3255 nemo
2506 3225 2507 3230 1

379 3275 641 3355 praeter
676 3271 892 3355 ipsum
937 3275 1005 3337 et
1049 3273 1532 3355 praetextatum
1572 3271 1787 3337 filium
1821 3270 2183 3357 ([tam]etsi
2234 3283 2418 3344 reete

380 3358 519 3422 sine
576 3359 952 3443 exceptione
1007 3359 1295 3424 dixeram
1349 3358 1588 3443 virum,
1642 3382 1789 3425 cum
1832 3361 1948 3426 isti
1990 3367 2255 3447 essent,
2310 3388 2417 3431 ne·
2437 3380 2471 3421 8

380 3445 623 3509 minem
674 3445 934 3531 fuisse);
988 3468 1123 3512 non
1174 3468 1530 3531 numquam
1576 3448 1777 3514 etiam
1821 3449 2099 3513 libertus
2146 3415 2419 3519 'l'i'mu-

379 3528 596 3592 chides
663 3496 1121 3617 adhibebatur,
1186 3534 1490 3599 mulieres
1555 3539 1775 3600 autem
1837 3540 2084 3621 nuptae
2144 3543 2419 3609 nobiles
