2566 4016
313 221 446 286 340
927 215 1007 270 m
1046 215 1102 271 c,
1131 213 1439 270 VERREM
1473 212 1630 269 Ac'r.
1668 213 1735 268 11.

313 365 377 431 N
379 387 466 431 on
518 363 680 429 mihi
733 363 865 427 iam
917 361 1193 444 furtum,
1249 359 1362 424 sed
1415 362 1778 423 monstrum
1834 378 1909 424 ac
1961 355 2334 442 prodigium

314 452 657 518 videbatur
693 452 1031 517 civitatum
1076 449 1476 513 frumentum
1521 447 1909 530 improbare,
1954 466 2144 510 suum
2189 466 2334 530 pro-

315 543 499 625 bare,
546 563 689 606 cum
729 561 918 604 suum
961 538 1336 622 probasset,
1380 536 1662 620 pretium
1708 534 1768 599 ei
1810 533 2142 598 frumento
2189 554 2334 598 con-

317 632 615 712 stituere,
671 627 841 712 quod
895 626 1370 707 constituisset,
1424 623 1491 688 id
1546 646 1585 688 a
1639 621 2014 687 civitatibus
2063 620 2328 705 auferre,

318 719 490 803 quod
535 740 574 782 a
619 717 862 801 populo
909 715 1204 779 Romano
1252 712 1634 796 accepisset,
1680 715 1917 775 tenere.
2355 726 2383 768 5

450 805 622 881 Quot
659 803 856 868 voltis
896 823 1037 867 esse
1077 802 1148 866 in
1191 823 1320 867 uno
1364 800 1542 865 furto
1588 803 2004 884 peccatorum
2049 795 2330 883 gradus?

317 899 410 978 ut,
447 894 502 958 si
533 891 807 977 singulis
843 891 1144 955 insistere
1181 889 1406 972 velim,
1431 887 1739 973 progredi
1773 887 1899 951 iste
1935 907 2071 951 non
2105 885 2330 971 possit.

315 981 634 1065 Inprobas
707 979 1107 1045 frumentum
1176 975 1558 1043 Siculorum.
1658 974 1871 1050 Quid?
1953 974 2092 1058 ipse
2162 972 2332 1057 quod

318 1069 572 1134 mittis?
618 1069 1009 1153 peculiarem
1054 1066 1257 1130 habes
1306 1065 1594 1149 aliquam
1639 1061 1955 1146 Siciliam,
2002 1083 2164 1146 quae
2209 1061 2333 1126 tibi

318 1181 396 1223 ex
451 1158 579 1223 alio
637 1178 868 1244 genere
912 1154 1318 1220 *frumentum
1362 1152 1776 1239 suppeditare
1821 1150 2076 1236 possit?
2168 1147 2331 1215 Cum
2361 1167 2419 1209 ιο

315 1251 582 1312 senatus
620 1245 923 1327 decernit,
966 1248 1042 1309 ut
1089 1246 1342 1308 ematur
1385 1242 1456 1306 in
1493 1240 1712 1306 Sicilia
1756 1239 2173 1322 frumentum,
2220 1241 2332 1302 aut

317 1357 463 1401 cum
508 1334 788 1418 populus
834 1333 1039 1415 iubet,
1095 1332 1246 1415 hoc,
1291 1334 1367 1409 ut
1412 1329 1670 1414 opinor,
1712 1327 2066 1413 intellegit,
2113 1349 2190 1391 ex
2234 1323 2333 1390 Si-

316 1422 468 1488 cilia
513 1419 800 1485 Siculum
852 1420 1249 1484 frumentum
1304 1417 1642 1503 apportari
1688 1420 2015 1501 oportere3
2069 1418 2142 1479 tu
2186 1437 2331 1480 cum

318 1509 656 1574 civitatum
713 1505 969 1572 Siciliae
1033 1507 1232 1592 vulgo
1299 1527 1489 1572 omne
1550 1505 1946 1577 frumentum
2004 1503 2332 1588 inprobas,

313 1619 472 1662 num
526 1617 604 1660 ex
640 1594 944 1680 Aegypto
1001 1599 1115 1659 aut
1149 1594 1350 1678 Syria
1401 1592 1799 1658 frumentum
1844 1593 2122 1657 Romam
2178 1592 2332 1656 mis-
2362 1609 2418 1651 15

317 1707 506 1750 surus
544 1684 657 1748 es?
714 1682 1036 1767 Inprobas
1063 1681 1508 1766 Halaesinum,
1544 1681 2056 1764 Thermitanum,
2090 1679 2335 1764 Cepha-

317 1773 736 1856 loeditanum,
770 1771 1307 1854 Amestratinum,
1348 1769 1880 1854 Tyndaritanum,
1925 1768 2335 1850 Herbitense,

317 1862 673 1927 multarum
728 1863 1065 1944 praeterea
1110 1859 1476 1925 civitatum!
1558 1857 1725 1934 Quid
1775 1857 2009 1923 accidit
2053 1857 2335 1940 tandem,

315 1953 391 2017 ut
453 1950 687 2015 horum
750 1949 1141 2034 populorum
1198 1947 1343 2034 agri
1393 1946 1790 2012 frumentum
1845 1947 1980 2011 eius
2036 1944 2212 2011 modi
2265 1948 2333 2011 te

316 2044 617 2124 praetore
679 2038 952 2122 ferrent,
1019 2036 1217 2121 [quod
1276 2058 1630 2119 numquam
1685 2038 1879 2101 antea
1886 2038 1932 2119 ,]
1998 2039 2072 2099 ut
2105 2054 2334 2118 neque
2362 2051 2421 2093 zo

317 2127 444 2192 tibi
478 2148 685 2210 neque
732 2126 973 2210 populo
1012 2125 1306 2189 Romano
1352 2128 1576 2209 posset
1620 2123 1902 2207 probari,
1947 2121 2333 2207 praesertim

318 2238 464 2280 cum
520 2237 596 2278 ex
649 2213 856 2277 isdem
908 2213 1083 2298 agris
1133 2211 1417 2276 eiusdem
1464 2211 1617 2276 anni
1659 2211 2062 2277 frumentum
2108 2232 2183 2274 ex
2227 2208 2332 2273 de-

317 2303 521 2369 cumis
566 2302 842 2365 Romam
897 2300 1224 2382 mancipes
1280 2299 1732 2365 advexissent?
1798 2299 1950 2383 quid
1997 2298 2335 2380 acciderat,

317 2394 392 2455 ut
437 2411 515 2452 ex
560 2387 785 2452 eodem
829 2387 1063 2452 horreo
1111 2387 1533 2453 decumanum
1578 2388 1992 2472 probaretur,
2043 2389 2334 2470 emptum

317 2475 820 2561 inprobaretur‘?
919 2474 1289 2540 Dubiumne
1354 2479 1483 2559 est,
1557 2476 1711 2559 quin
1773 2476 1904 2541 ista
1967 2475 2179 2540 omnis
2238 2474 2335 2538 in-
2364 2489 2419 2533 2⁵

216 2588 315 2637 173
354 2563 656 2649 probatio
721 2563 1046 2649 cogendae
1101 2564 1409 2650 pecuniae
1464 2586 1660 2629 causa
1710 2568 1868 2629 nata
1923 2563 2053 2628 sit?
2151 2561 2336 2644 Esto,

317 2653 626 2740 inprobas
688 2650 1140 2736 Halaesinum,
1211 2652 1413 2717 habes
1478 2652 1561 2716 ab
1626 2652 1756 2717 alio
1819 2651 2089 2737 popu10,
2164 2649 2336 2735 quod

318 2743 583 2828 probes3
620 2762 759 2805 eme
786 2740 967 2824 illud,
1007 2740 1179 2825 quod
1210 2740 1443 2824 placet,
1480 2740 1714 2805 missos
1749 2739 1855 2805 fac
1892 2761 2021 2823 eoS,
2060 2749 2335 2823 quorum

316 2830 715 2896 frumentum
783 2828 1164 2913 inprobasti.
1273 2826 1400 2892 Sed
1461 2827 1545 2892 ab
1607 2828 1687 2892 iis
1697 2829 1737 2913 ,'
1790 2849 1950 2912 quos
2013 2826 2333 2912 repudias,

319 2918 524 3003 exigis
580 2918 838 2982 tantum
891 2917 1227 3001 pecuniae,
1288 2919 1604 3000 quantum
1659 2916 1741 2981 ad
1794 2938 1942 2981 eum
1993 2936 2336 2980 numerum
2364 2929 2419 2972 ω

317 3006 629 3070 frumenti
666 3006 829 3070 satis
868 3005 972 3089 sit,
1019 3026 1210 3089 quem
1248 3004 1308 3068 ei
1353 3003 1605 3069 civitati
1648 3004 1929 3088 imperas
1978 3003 2335 3068 emendum.

319 3092 399 3157 In
465 3093 790 3158 medimna
853 3092 1112 3177 singula
1175 3092 1361 3157 video
1427 3114 1503 3156 ex
1567 3091 1805 3157 litteris
1868 3091 2147 3177 publicis
2209 3089 2338 3155 tibi

319 3181 708 3246 Halaesinos
762 3178 873 3244 HS
940 3181 1169 3264 quinos
1229 3180 1426 3244 denos
1484 3179 1749 3245 dedisse.
1848 3178 2202 3245 Ostendam
2259 3199 2338 3242 ex

319 3269 564 3332 tabulis
634 3268 1296 3352 locupletissimorum
1359 3271 1689 3333 aratorum
1754 3268 1979 3332 eodem
2043 3271 2340 3352 tempore

320 3355 643 3419 neminem
687 3357 756 3420 in
802 3354 1023 3420 Sicilia
1065 3356 1273 3440 pluris
1318 3355 1715 3422 frumentum
1759 3355 2138 3421 vendidisse.
2368 3367 2423 3412 ³⁵

219 3432 304 3495 75
455 3438 631 3537 Quae
703 3447 803 3506 est
874 3464 1030 3529 ergo
1094 3444 1225 3508 ista
1285 3444 1456 3509 ratio
1521 3448 1635 3509 aut
1698 3466 1861 3528 quae
1924 3443 2143 3530 potius
2206 3444 2344 3507 ista

325 3528 608 3588 amentia
669 3528 1065 3595 frumentum
1128 3531 1476 3615 inprobare
1537 3532 1631 3617 id,
1695 3532 1868 3616 quod
1926 3553 2003 3596 ex
2058 3552 2134 3597 eo
2190 3531 2343 3597 loco

217 780 302 844 74

214 859 314 908 172
