2566 4016
739 200 874 255 ΗΒ.
912 201 990 255 111
1052 201 1205 256 OAP.
1245 208 1454 258 36—39
1492 208 1523 270 ς
1559 208 1627 259 83
1641 211 1786 260 -89,
2142 205 2274 270 305

385 345 555 420 Quid
596 345 798 410 vero?
845 368 885 410 a
921 344 1360 429 Tissensibus,
1403 367 1726 431 perparva
1772 370 1846 432 a,c
1890 349 2071 413 tenui
2117 349 2269 415 civi·
2290 320 2380 446 ἓξ

249 438 417 517 tate,
483 433 596 498 sed
661 433 1028 499 aratoribus
1092 434 1625 500 laboriosissimis
1678 435 2269 521 frugalissimisque

249 522 652 604 hominibus,
714 543 926 587 nonne
978 523 1128 606 plus
1183 523 1348 587 lucri
1398 523 1660 589 nomine
1714 524 2013 608 eripitur,
2073 548 2268 608 quam

252 613 569 694 quantum
604 609 869 675 omnino
913 609 1225 674 frumenti
1270 611 1658 677 exararant?
1707 614 1789 676 ad
1834 634 1996 696 quos
2040 616 2117 677 tu
2161 613 2269 678 de-

199 713 228 755 6
254 720 599 764 cumanum
643 698 1042 782 Diognetum
1079 697 1430 764 Venerium
1476 699 1731 784 misisti,
1775 722 2017 765 novum
2063 723 2267 787 genus

253 785 603 871 publicani.
680 784 812 851 Cur
845 786 971 851 hoc
1017 790 1279 852 auctore
1324 809 1457 852 non
1501 787 1747 853 Romae
1796 810 2051 873 quoque
2097 789 2268 854 servi

250 875 499 959 publici
553 874 637 940 ad
690 874 1041 960 vectigalia
1095 874 1449 940 accedunt?
1546 875 1739 941 Anno
1795 877 2073 942 secundo
2130 876 2268 942 Tis-

252 983 473 1028 senses
509 959 622 1027 HS
659 965 786 1028 x—ii
820 963 986 1028 lucri
1024 963 1178 1028 dare
1221 967 1546 1049 coguntur
1589 964 1806 1048 inviti3
1851 965 2049 1031 tertio
2096 987 2265 1031 anno

249 1053 358 1117 iffi
411 1051 581 1116 mod.
624 1051 830 1117 tritici
893 1051 1058 1116 lucri
1117 1050 1448 1136 Diogneto
1497 1051 1778 1117 Venerio
1843 1053 1996 1118 dare
2058 1054 2267 1119 coacti

173 1154 225 1194 ²0
253 1142 424 1205 sunt.
521 1137 648 1204 Hic
709 1139 1102 1223 Diognetus,
1174 1139 1287 1222 qui
1356 1161 1433 1204 ex
1493 1141 1772 1224 publicis
1835 1142 2265 1227 vectigalibus

251 1229 445 1292 tanta
478 1227 660 1291 lucra
692 1226 871 1310 facit,
907 1227 1220 1292 vicarium
1254 1227 1510 1292 nullum
1545 1227 1765 1312 habet,
1798 1228 1964 1293 nihil
2003 1230 2265 1294 omnino

253 1314 508 1399 peculii.
588 1313 725 1380 Vos
770 1316 970 1380 etiam
1014 1337 1184 1379 nunc
1228 1315 1548 1399 dubitate,
1594 1316 1652 1381 si
1696 1316 2000 1401 potestis,
2044 1321 2265 1383 utrum

254 1405 513 1467 tantum
547 1424 888 1468 numerum
930 1403 1133 1468 tritici
1159 1401 1476 1468 Venerius
1524 1405 1857 1490 apparitor
1900 1405 2091 1471 istius
2140 1406 2265 1470 sibi

253 1490 573 1574 acceperit
636 1513 720 1557 an
777 1491 927 1556 huic
980 1491 1287 1577 exegerit.
1385 1491 1604 1577 Atque
1657 1493 1820 1558 haec
1873 1515 1950 1558 ex
2002 1494 2264 1578 publico
2302 1504 2370 1555 87

171 1591 224 1632 1⁵
252 1576 653 1644 Tissensium
707 1579 1085 1644 testimonio
1129 1581 1519 1665 cognoscite.
1618 1580 2107 1648 TESTIMONIUM
2151 1601 2267 1649 PU-

248 1683 514 1733 BLIOUM
579 1667 1010 1733 TISSENSIUM.
1096 1665 1408 1752 Obscure,
1468 1669 1738 1753 iudices,
1799 1675 2064 1754 praetor
2126 1672 2265 1755 ipse

250 1756 642 1820 decumanus
705 1759 833 1839 est,
896 1777 1042 1821 cum
1106 1755 1243 1819 eius
1307 1757 1711 1840 apparitores
1773 1757 2171 1823 frumentum
2226 1781 2267 1824 a

251 1842 627 1908 civitatibus
670 1844 953 1929 exigant,
996 1843 1304 1928 pecunias
1350 1844 1689 1928 imperent,
1735 1845 2070 1929 aliquanto
2116 1846 2265 1930 plus

252 1929 382 2015 ipsi
443 1930 607 1995 lucri
666 1930 988 2016 auferant,
1053 1952 1246 2015 quam
1304 1935 1618 2015 quantum
1671 1933 1915 2017 populo
1969 1933 2263 1999 Romano

169 2031 224 2071 ²0
253 2019 666 2085 decumarum
702 2020 962 2086 nomine
1000 2020 1216 2084 daturi
1251 2020 1410 2086 sint!
1481 2019 1661 2085 Haec
1698 2022 1991 2104 aequitas
2035 2022 2105 2086 in
2149 2025 2264 2088 tuo

250 2108 523 2194 imperio
550 2107 696 2193 fuit,
726 2109 887 2174 haec
912 2107 1234 2193 praetoris
1263 2108 1568 2193 dignitas,
1602 2111 1678 2172 ut
1716 2129 1934 2174 servos
1950 2108 2264 2176 Venerios

250 2193 617 2261 Siculorum
663 2197 957 2262 dominos
1004 2218 1145 2261 esse
1190 2197 1422 2281 velles3
1470 2197 1577 2262 hic
1623 2197 1921 2282 dilectus,
1965 2198 2091 2264 hoc
2137 2199 2265 2263 dis-

253 2283 498 2348 crimen
567 2288 634 2348 te
705 2288 1003 2368 praetore
1074 2284 1228 2368 fuit,
1298 2288 1370 2349 ut
1442 2289 1732 2351 aratores
1795 2286 1866 2350 in
1929 2308 2264 2352 servorum

250 2392 520 2435 numero
567 2377 809 2457 essent,
855 2373 1026 2438 servi
1069 2373 1142 2437 in
1182 2373 1695 2457 publicanorum.
2211 2463 2225 2476 ⁵
2283 2430 2370 2495 39

168 2469 224 2511 25
386 2458 597 2536 Quid?
688 2460 1118 2526 Amestratini
1179 2461 1399 2526 miseri
1461 2463 1785 2546 impositis
1848 2462 1945 2528 ita
2006 2485 2263 2549 magnis
2300 2509 2372 2557 88
2487 2502 2496 2509 ·

250 2546 563 2633 decumis,
625 2553 701 2614 ut
760 2550 923 2634 ipsis
986 2548 1221 2632 reliqui
1270 2549 1447 2614 nihil
1505 2551 1716 2634 fieret,
1778 2572 1990 2615 nonne
2043 2556 2263 2617 tamen

247 2656 588 2701 numerare
634 2638 938 2721 pecunias
985 2636 1194 2702 coacti
1239 2637 1436 2702 sunt?
1508 2636 1914 2703 Addicuntur
1960 2639 2262 2705 decumae

249 2720 338 2784 M.
383 2721 640 2804 Caesi0,
703 2746 849 2789 cum
913 2724 1212 2791 adessent
1266 2724 1473 2810 legati
1515 2724 1973 2808 Amestratini3
2036 2727 2264 2790 statim

252 2808 508 2893 cogitur
560 2810 901 2877 Heraclius
957 2813 1214 2898 legatus
1268 2833 1608 2878 numerare
1660 2811 1773 2878 HS
1826 2816 2001 2879 ‘fx-sl.
2096 2813 2263 2889 Quid

168 2910 224 2950 ⁸⁰
250 2895 376 2961 hoc
413 2896 557 2962 est?
605 2918 769 2980 quae
805 2903 906 2963 est
940 2900 1071 2964 ista
1104 2900 1364 2984 praeda,
1410 2922 1574 2984 quae
1609 2902 1727 2983 vis,
1774 2923 1938 2984 quae
1984 2900 2261 2985 direptio

251 2983 617 3050 sociorum?
700 2981 769 3048 Si
815 2991 955 3052 erat
990 2988 1294 3054 Heraclio
1343 2988 1425 3053 ab
1472 2993 1701 3053 senatu
1747 2990 2143 3073 mandatum,
2188 2993 2265 3055 ut

250 3076 518 3158 emeret,
575 3071 866 3156 emisset3
917 3076 974 3139 si
1017 3097 1150 3141 non
1195 3079 1361 3160 erat,
1408 3076 1519 3160 qui
1562 3080 1821 3161 poterat
1867 3098 1985 3142 sua
2030 3080 2261 3161 sponte

247 3161 585 3244 pecuniam
619 3162 1001 3228 numerare?
1066 3161 1296 3229 Caesio
1331 3167 1661 3230 renuntiat
1698 3186 1767 3230 se
1804 3165 2072 3230 dedisse.
2136 3164 2261 3231 Oo-
2298 3176 2368 3227 89

250 3249 541 3336 gnoscite
568 3250 1113 3316 renuntiationem
1137 3272 1213 3314 ex
1240 3252 1481 3317 litteris
1513 3252 1809 3338 publicis.
1860 3253 2104 3319 Recita.
2152 3253 2261 3320 Ex

169 3348 224 3389 ⁸⁵
253 3355 572 3406 LITTERIS
638 3355 974 3404 PUBLIOIS.
1055 3336 1194 3413 Quo
1260 3344 1522 3405 senatus
1582 3343 1879 3407 consulto
1944 3345 2086 3407 erat
2137 3342 2261 3409 hoc

247 3424 468 3510 legato
495 3427 927 3511 permissum?
964 3425 1184 3492 Nullo.
1230 3425 1364 3492 Cur
1387 3427 1587 3495 fecit?
1633 3428 1910 3495 Coactus
1940 3434 2057 3496 est.
2102 3430 2260 3507 Quis

247 3511 373 3578 hoc
400 3513 597 3581 dicit?
661 3515 830 3602 Tota
857 3516 1104 3583 civitas.
1166 3514 1394 3581 Recita
1426 3518 1874 3585 testimonium
1909 3520 2260 3607 publicum.

354 3626 463 3668 cro.
490 3627 555 3666 11.
588 3630 623 3669 1.
1764 3628 1833 3679 20
