2566 4016
312 224 444 288 234
921 221 1001 275 IN
1040 220 1097 277 C.
1127 220 1435 275 VERREM
1471 220 1624 276 ACT.
1662 220 1728 274 II.

312 367 609 432 consules
646 366 896 431 faciunt
933 366 1328 430 mentionem
1363 365 1618 450 placere
1654 363 1874 446 statui,
1922 362 1979 427 si
2018 363 2320 448 patribus

314 454 696 539 conscriptis
735 454 1087 537 videretur,
1131 475 1212 517 ne
1261 453 1564 517 absentes
1610 451 1905 516 homines
1952 451 2022 514 in
2065 452 2322 534 provin-

313 543 429 607 ciis
466 542 561 606 rei
596 541 825 606 fierent
861 563 1076 606 rerum
1113 541 1519 625 capitalium3
1555 560 1815 604 causam
1846 536 2076 603 Stheni
2111 542 2322 603 totam

313 633 379 694 et
423 629 615 694 istius
662 629 1111 694 crudelitatem
1159 632 1225 692 et
1269 628 1683 712 iniquitatem
1730 630 2028 691 senatum
2074 625 2320 690 docent.

311 716 560 782 Aderat
612 717 682 780 in
738 720 966 781 senatu
1005 715 1242 781 Verres
1298 719 1487 799 pater
1540 715 1731 778 istius
1787 718 1853 778 et
1908 713 2067 778 flens
2122 735 2320 778 unum
2349 731 2375 770 ⁵

312 825 629 888 quemque
693 808 1065 868 senatorum
1129 804 1436 889 rogabat,
1498 806 1574 867 ut
1633 802 1773 865 filio
1840 823 1955 866 suo
2009 806 2319 885 parceret,

310 914 517 975 neque
571 895 792 956 tamen
847 893 1125 955 multum
1178 889 1588 976 proficiebat3
1647 893 1788 953 erat
1843 889 2015 953 enim
2070 911 2322 953 summa

311 980 615 1043 voluntas
663 982 941 1043 senatus,
1030 979 1263 1062 Itaque
1309 977 1667 1043 sententiae
1714 976 2119 1041 dicebantur:
2167 975 2322 1041 CUM

311 1063 656 1131 STHENIUS
712 1083 887 1132 REUS
944 1082 1209 1131 ABSENS
1264 1082 1531 1130 EAc'rUS
1575 1081 1809 1147 ESSET,
1864 1082 1959 1128 DE
2004 1081 2320 1130 ABSENTE

311 1171 637 1220 mmcltm
672 1171 863 1219 FIERI
897 1171 1187 1219 NULLUM
1222 1170 1560 1236 PLAOERE,
1604 1169 1713 1236 ET,
1759 1169 1822 1217 SI
1868 1168 2059 1229 QUOD
2106 1169 2319 1218 ESSET
2352 1170 2409 1210 ιο

208 1254 274 1304 96
311 1259 608 1324 morum,
644 1260 720 1306 ID
757 1259 999 1307 EATUM
1033 1259 1201 1307 ESSE
1238 1257 1384 1306 Non
1424 1257 1760 1305 PLACERE.
1832 1238 1932 1303 Eo
1970 1240 2072 1303 die
2108 1244 2320 1304 trans-

309 1331 405 1416 igi
466 1329 632 1393 nihil
692 1329 936 1412 potuit,
1000 1329 1173 1413 quod
1237 1332 1304 1393 ct
1365 1328 1433 1392 id
1493 1327 1807 1410 temporis
1874 1331 2016 1391 erat
2070 1332 2137 1391 et
2190 1328 2325 1411 ille,

310 1420 500 1502 pater
551 1416 742 1480 istius
751 1466 770 1499 ,
823 1417 1162 1481 invenerat
1212 1416 1535 1498 homineS,
1591 1415 1700 1498 qui
1753 1414 2019 1479 dicendo
2065 1419 2323 1500 tempu's

312 1506 780 1569 consumerent.
869 1503 1107 1568 Postea
1170 1525 1364 1567 senex
1407 1502 1645 1567 Verres
1702 1502 2070 1568 defensores
2126 1507 2323 1586 atquc

307 1590 605 1675 hospites
645 1611 867 1655 omnes
905 1588 1134 1655 Stheni
1172 1591 1490 1674 convenit,
1535 1594 1731 1677 rogat
1768 1612 1878 1656 eos
1916 1594 2112 1674 atque
2158 1595 2324 1675 orat,
2355 1609 2409 1649 ιε

302 1700 392 1744 ne
446 1682 824 1764 oppugnent
875 1679 1083 1743 filium
1140 1699 1353 1762 suum,
1408 1678 1485 1744 de
1535 1675 1804 1743 Sthenio
1858 1700 1941 1743 ne
1995 1678 2324 1762 laborent3

312 1766 655 1831 confirmat
690 1766 772 1830 iis
810 1770 1185 1832 curaturum
1223 1788 1294 1831 se
1330 1787 1489 1850 csse,
1532 1788 1615 1830 ne
1652 1765 1805 1850 quid
1851 1766 1910 1830 ei
1953 1786 2070 1849 per
2113 1766 2323 1831 filium

312 1877 500 1919 suum
554 1859 920 1937 noceretur;
977 1877 1045 1919 se
1093 1855 1388 1919 homines
1435 1858 1646 1919 certos
1693 1854 1829 1918 eius
1875 1855 1970 1917 rei
2015 1876 2209 1919 causa
2253 1855 2325 1919 in

311 1939 601 2008 Siciliam
665 1946 732 2007 et
793 1947 969 2007 terra
1033 1946 1099 2007 et
1152 1943 1319 2007 mari
1374 1964 1513 2007 esse
1567 1942 1938 2006 missurum.
2034 1940 2126 2005 Et
2179 1947 2324 2006 erat

311 2032 595 2115 spatium
651 2032 898 2096 dierum
950 2031 1084 2095 fere
1139 2049 1285 2095 xxx
1339 2034 1489 2095 ante
1538 2029 1866 2095 Kalendas
1912 2029 2324 2114 DecembreS‚
2353 2048 2409 2088 20
2468 2106 2475 2111 -

310 2140 436 2202 quo
494 2120 595 2183 die
648 2120 774 2183 iste
833 2122 908 2182 ut
963 2117 1298 2201 Syracusis
1344 2115 1650 2183 Sthenius
1707 2117 1961 2182 adesset
2015 2118 2325 2183 edixerat.

206 2208 272 2259 9⁷
310 2205 816 2272 Commoventur
878 2206 1070 2270 amici
1127 2205 1384 2289 Stheni,
1448 2209 1713 2289 sperant
1771 2206 1910 2271 fore
1972 2209 2047 2269 ut
2109 2208 2325 2291 patris

310 2294 552 2357 litteris
604 2293 978 2375 nuntiisque
1028 2292 1203 2357 filius
1250 2292 1333 2356 ab
1381 2292 1497 2357 illo
1542 2293 1761 2357 furore
1806 2297 2162 2358 revocetur.
2242 2292 2326 2358 In

311 2384 542 2443 senatu
593 2383 826 2464 postea
878 2400 1075 2443 causa
1125 2400 1258 2444 non
1315 2380 1550 2465 agitur.
1638 2379 1929 2444 Veniunt
1984 2381 2066 2445 ad
2119 2382 2323 2446 istum

312 2466 651 2531 domestici
721 2466 935 2530 nuntii
1006 2466 1390 2551 litterasque
1454 2490 1495 2532 a
1555 2472 1741 2552 patre
1815 2468 2093 2533 afferunt
2167 2473 2324 2533 ante
2353 2486 2407 2527 25

308 2552 641 2618 Kalendas
670 2553 1080 2638 DecembreS,
1118 2576 1262 2619 cum
1290 2554 1405 2619 isti
1433 2555 1631 2619 etiam
1657 2559 1799 2620 tum
1838 2556 1915 2621 de
1943 2553 2214 2621 Sthenio
2250 2557 2325 2621 in

308 2642 566 2727 integro
595 2646 740 2707 tota
765 2663 870 2705 res
900 2646 1088 2725 esset,
1125 2642 1473 2727 eodemque
1503 2643 1617 2724 [ei]
1651 2647 1943 2727 tempore
1980 2644 2059 2709 de
2096 2644 2325 2709 eadem

308 2752 378 2794 re
431 2730 692 2794 litterae
747 2730 1110 2814 complures
1166 2752 1205 2795 a
1259 2731 1485 2795 multis
1532 2731 1669 2795 eius
1716 2731 1939 2796 amicis
1987 2754 2063 2797 ac
2105 2753 2326 2797 neces-

201 2822 290 2887 40
311 2818 499 2883 sariis
539 2817 934 2882 adferuntur.
1004 2816 1131 2882 Hic
1166 2818 1311 2900 iste,
1357 2818 1468 2901 qui
1511 2839 1667 2902 prae
1712 2819 2067 2903 cupiditate
2110 2841 2325 2903 neque

308 2906 505 2971 officii
543 2905 644 2970 sui
679 2927 884 2990 neque
921 2906 1190 2989 periculi
1225 2927 1433 2989 neque
1469 2906 1736 2990 pietatis
1771 2928 1979 2990 neque
2023 2906 2326 2971 humani·
2355 2925 2409 2965 ³0

309 2994 468 3059 tatis
514 2994 837 3059 rationem
883 2993 1220 3058 habuisset
1264 3015 1592 3077 umquam,
1638 3016 1844 3079 neque
1889 2995 1959 3058 in
2004 3016 2099 3080 eo,
2146 2996 2330 3078 quod

306 3082 720 3165 monebatur,
785 3081 1243 3146 auctoritatem
1307 3082 1515 3164 patris
1577 3103 1786 3165 neque
1848 3082 1918 3146 in
1976 3104 2081 3165 eo,
2146 3083 2331 3166 quod

306 3169 692 3255 rogabatur,
742 3170 1149 3234 voluntatem
1196 3170 1714 3253 anteponendam
1758 3170 2018 3255 putavit
2062 3170 2333 3234 libidini

307 3278 487 3340 suae,
533 3279 721 3322 mane
756 3256 1067 3321 Kalendis
1113 3256 1581 3321 Decembribus
1590 3307 1608 3341 ,
1652 3262 1727 3322 ut
1773 3257 2084 3342 edixerat,
2132 3255 2333 3321 Sthe-

202 3361 269 3409 98
306 3345 488 3406 nium
541 3344 729 3409 citari
777 3344 976 3409 iubet.
1068 3342 1137 3408 Si
1184 3345 1301 3409 abs
1349 3349 1414 3409 te
1459 3345 1657 3410 istam
1701 3367 1838 3409 rem
1884 3367 2120 3430 parens
2164 3349 2332 3410 tuus
2364 3363 2419 3404 ss

309 3428 578 3493 alicuius
639 3432 830 3496 amici
884 3437 1121 3519 rogatu
1174 3433 1581 3518 benignitate
1635 3436 1749 3498 aut
1804 3433 2159 3498 ambitione
2217 3434 2337 3498 ad-

310 3513 538 3577 ductus
591 3518 890 3602 petisset,
947 3521 1335 3605 gravissima
1389 3525 1611 3587 tamen
1666 3521 1837 3606 apud
1890 3526 1957 3585 te
2011 3521 2338 3587 voluntas
