2566 4016
704 227 839 284 ΜΒ.
868 227 919 281 V
986 227 1141 283 CAP.
1186 234 1390 282 10—12
1427 233 1458 293 ς
1495 234 1721 284 25-30.
2083 229 2215 293 439

207 376 464 454 tempus
493 371 712 436 deberi
741 371 1204 436 arbitrabatur.
1246 371 1388 446 Quo
1416 371 1558 435 loco
1586 392 1718 435 non
1744 371 1910 434 mihi
1934 374 2217 456 praeter·
2253 383 2363 434 28-

208 458 525 524 mittenda
559 460 815 524 videtur
849 459 1170 544 praeclari
1205 458 1623 543 imperatoris
1662 459 1926 544 egregia
1973 480 2045 523 ac
2092 460 2217 523 sin-

299 547 456 612 laris
535 547 891 633 diligentia.
999 545 1174 611 Nam
1249 547 1480 610 scitote
1555 546 1865 630 oppidum
1938 567 2077 611 esse
2148 548 2218 610 in

209 569 430 701 §ibina
492 636 745 700 nullum
809 657 887 699 ex
949 635 1029 698 iis
1095 634 1378 719 oppidis,
1439 634 1511 697 in
1572 634 1806 716 quibus
1866 632 2217 699 consistere

150 741 183 781 ⁵
208 726 540 809 praetores
587 725 655 788 et
699 726 1084 788 conventum
1132 743 1326 808 agere
1374 722 1645 804 soleant,
1691 743 1819 804 quo
1864 721 1936 785 in
1979 720 2218 806 oppido

207 833 342 875 non
402 811 516 875 isti
578 819 657 876 ex
719 811 941 895 aliqua
1001 809 1254 875 familia
1316 830 1451 875 non
1502 809 1780 894 ignobili
1834 808 2084 874 delecta
2139 810 2220 874 ad

208 898 544 964 libidinem
590 898 824 963 mulier
871 900 1064 963 esset.
1142 897 1374 981 Itaque
1402 918 1552 961 non
1594 898 1814 962 nullae
1862 919 1940 962 ex
1986 919 2060 962 eo
2107 919 2221 962 nu-

207 1008 385 1051 mero
457 988 529 1050 in
608 986 972 1051 convivium
1050 985 1527 1050 adhibebantur
1597 985 1844 1069 palam3
1926 985 1982 1050 si
2054 1007 2220 1070 quae

207 1075 517 1139 castiores
570 1078 782 1156 erant,
837 1074 919 1138 ad
963 1078 1219 1158 tempus
1265 1072 1643 1155 veniebant,
1697 1073 1906 1138 lucem
1950 1094 2218 1138 conven-

121 1178 181 1219 ιο
207 1165 476 1245 tumque
531 1161 847 1245 vitabant.
935 1160 1147 1225 Erant
1197 1165 1415 1224 autem
1462 1159 1756 1226 convivia
1799 1182 1933 1225 non
1974 1161 2091 1225 1110
2138 1162 2218 1225 01-

206 1249 409 1313 lentio
464 1252 843 1331 praetorum
896 1249 1123 1333 populi
1169 1246 1448 1312 Romani
1503 1251 1697 1332 atque
1750 1248 2218 1332 imperatorum

204 1357 412 1419 neque
440 1357 516 1400 eo
545 1335 806 1420 pudore,
843 1336 954 1419 qui
979 1336 1052 1399 in
1078 1335 1585 1421 magistratuum
1623 1335 1933 1401 conviviis
1971 1335 2220 1401 versari

208 1424 403 1507 solet,
458 1425 571 1488 sed
628 1445 773 1489 cum
818 1423 1100 1488 maximo
1147 1424 1430 1490 clamore
1477 1428 1671 1507 atque
1718 1424 2032 1507 convici03
2088 1445 2222 1489 non

73 1568 76 1576 .
204 1534 560 1596 numquam
608 1512 806 1576 etiam
851 1534 955 1576 res
1002 1512 1084 1577 ad
1127 1532 1417 1597 pugnam
1464 1514 1661 1596 atque
1708 1512 1790 1576 ad
1835 1534 2064 1577 manus
2111 1533 2219 1576 vo·

120 1615 180 1658 1⁵
207 1601 495 1665 cabatur.
582 1599 717 1665 Iste
772 1600 943 1665 em‘m
997 1603 1260 1684 praetor
1318 1621 1577 1665 severus
1625 1622 1699 1665 ac
1746 1599 2051 1685 diligens,
2107 1599 2221 1683 qui

206 1688 436 1774 populi
469 1687 751 1754 Romani
795 1689 1051 1774 legibus
1087 1709 1441 1770 numquam
1487 1688 1833 1772 paruisset,
1877 1689 2012 1752 illis
2059 1688 2217 1773 legi-

204 1777 356 1858 buS,
402 1797 566 1858 quae
600 1777 672 1840 in
714 1776 964 1861 poculis
1011 1776 1446 1860 ponebantur,
1491 1774 1838 1859 diligenter
1883 1776 2217 1858 obtempe-

204 1863 416 1927 rabat.
496 1862 726 1945 Itaque
782 1868 967 1928 erant
1018 1863 1228 1926 exitus
1275 1862 1412 1926 eius
1460 1861 1661 1944 modi,
1713 1865 1788 1925 ut
1834 1862 2000 1926 alius
2045 1862 2218 1926 inter

205 1970 438 2016 manus
478 1970 512 2014 e
548 1949 842 2016 convivio
881 1954 1220 2033 tamquam
1256 1970 1291 2014 e
1327 1949 1576 2034 proelio
1624 1948 2004 2033 auferretur,
2051 1949 2215 2015 alius

122 2057 179 2097 20
206 2043 544 2122 tamquam
602 2038 848 2104 occisus
894 2037 1394 2120 relinqueretur,
1447 2037 1738 2121 plerique
1783 2040 1859 2101 ut
1901 2037 2034 2102 fusi
2079 2039 2217 2102 sine

205 2131 424 2192 mente
488 2148 562 2191 ac
627 2124 764 2190 sine
821 2126 960 2190 ullo
1021 2144 1214 2189 sensu
1265 2125 1577 2207 iacerent,
1639 2129 1715 2188 ut
1770 2125 2008 2209 quivis,
2071 2147 2218 2191 cum

209 2214 586 2298 aspexisset,
630 2234 762 2278 non
808 2235 877 2278 00
921 2211 1242 2298 praetoris
1291 2212 1675 2295 convivium,
1721 2212 1834 2277 sed
1882 2215 2008 2295 [ut]
2057 2211 2218 2279 Can·

206 2323 473 2366 nensem
517 2321 804 2386 pugnam
849 2300 1177 2385 nequitiae
1222 2299 1439 2365 videre
1486 2299 1934 2366 arbitraretur.

343 2387 507 2455 Cum
579 2410 733 2454 vero
806 2392 1021 2454 aestas
1095 2409 1349 2453 summa
1421 2409 1562 2453 esse
1634 2392 1962 2474 coeperat,
2045 2358 2324 2484 quod2912

120 2493 178 2536 85
205 2481 464 2562 tempus
510 2498 731 2542 omnes
778 2474 1037 2544 Siciliae
1084 2497 1338 2561 semper
1380 2480 1714 2561 praetores
1759 2477 1830 2541 in
1873 2477 2215 2543 itineribus

206 2587 583 2631 consumere
647 2567 1064 2649 consuerunt,
1131 2567 1500 2650 propterea
1543 2566 1715 2649 quod
1776 2568 1919 2631 tum
1981 2569 2218 2650 putant

208 2653 572 2720 obeundam
645 2674 785 2718 0000
858 2653 1136 2719 maxime
1198 2652 1627 2737 provinciam,
1699 2675 1845 2718 cum
1907 2653 1978 2717 in
2049 2654 2216 2718 areis

203 2740 535 2805 frumenta
572 2745 744 2823 sunt,
789 2742 960 2825 quod
998 2744 1064 2805 et
1107 2740 1396 2805 familiae
1443 2745 1924 2826 congregantur
1970 2745 2037 2804 et
2081 2763 2219 2805 ma-

208 2828 481 2912 gnitudo
548 2828 798 2892 servitii
858 2827 1248 2914 perspicitur
1308 2831 1374 2891 et
1428 2828 1616 2891 labor
1670 2828 1882 2913 operis
1940 2828 2219 2892 maxime

118 2933 179 2976 so
208 2914 504 2998 offendit,
555 2914 868 2979 frumenti
912 2914 1099 2998 copia
1145 2917 1538 2997 commonet,
1587 2918 1844 2998 tempus
1889 2915 2044 2980 anni
2087 2937 2222 2980 non

203 3002 482 3088 inpedit:
519 3005 678 3084 tum,
714 3002 1000 3085 inquam,
1037 3023 1182 3066 cum
1210 3005 1597 3066 concursant
1635 3002 1832 3066 ceteri
1866 3005 2220 3087 praetores,

202 3092 333 3156 iste
373 3112 543 3157 novo
592 3090 871 3174 quodam
919 3091 1049 3170 [ex]
1099 3110 1347 3190 genere
1379 3089 1737 3173 imperator
1780 3090 2217 3174 pulcherrimo

204 3171 675 3262 Syracusarum
731 3178 872 3244 loco
930 3176 1172 3242 stativa
1225 3176 1352 3242 sibi
1398 3180 1613 3243 castra
1656 3176 1953 3243 faciebat.
2044 3177 2215 3243 Nam
2256 3191 2325 3240 30

201 3268 275 3331 in
325 3267 470 3352 ipso
527 3267 710 3332 aditu
760 3270 954 3350 atque
1001 3286 1111 3330 ore
1157 3270 1413 3349 portus,
1468 3265 1582 3331 ubi
1625 3265 1908 3351 primum
1955 3283 2033 3331 ex
2079 3267 2217 3331 alto

114 3371 174 3415 05
205 3354 385 3420 sinus
432 3355 514 3421 ab
563 3355 756 3419 litore
802 3355 884 3419 ad
929 3353 1157 3417 urbem
1202 3353 1572 3434 inflectitur,
1615 3353 2038 3420 tabernacula
2085 3376 2218 3420 car·

204 3443 418 3508 baseis
462 3443 736 3508 intenta
797 3441 960 3508 velis
1022 3442 1423 3507 conlocabat.
1521 3441 1668 3508 Huc
1723 3464 1800 3507 ex
1852 3442 1971 3506 illa
2026 3442 2216 3509 domo

201 3531 548 3616 praetoria,
596 3552 760 3616 quae
805 3529 981 3616 regis
1026 3527 1334 3594 Hieronis
1377 3529 1523 3615 fuit,
1569 3530 1662 3595 sic
1709 3530 2093 3616 emigrabat,
2142 3533 2219 3595 ut
