2566 4016
696 207 831 263 LIB.
863 208 913 262 V
970 208 1125 264 CAP.
1163 216 1250 278 29,
1289 215 1358 265 30
1395 217 1425 276 ξ
1464 217 1689 266 73—78.
2071 213 2201 278 457

189 350 468 436 piratae,
532 374 573 416 a
636 373 764 435 quo
828 356 1121 436 tempore
1184 354 1362 437 capti
1418 356 1598 437 sunt,
1663 355 1875 437 quoad
1926 377 2047 441 per
2099 379 2202 422 me

189 439 441 504 licitum
478 442 597 522 est,
631 439 912 523 fuerunt,
949 440 1073 506 hoc
1109 444 1211 505 est
1246 441 1460 524 quoad
1495 462 1613 527 per
1647 440 1752 505 Μ’.
1781 441 2201 510 Glabrionem

188 527 441 593 licitum
487 531 613 610 est,
673 528 784 611 qui
827 528 1205 613 postulante
1250 550 1355 593 me
1400 529 1669 613 produci
1715 532 1911 613 atque
1955 531 2025 595 in
2069 554 2202 597 car-

188 636 398 680 cerem
436 615 623 679 condi
658 615 1024 700 imperavit.
1089 615 1273 691 Quod
1312 620 1412 682 est
1447 616 1711 682 huiusce
1746 617 1845 682 rei
1878 618 2000 702 ius,
2038 640 2201 702 quae
2222 618 2310 682 30

129 721 161 761 ⁵
189 703 602 787 consuetudO,
631 704 803 787 quod
831 704 1241 787 exemplum?
1287 703 1565 771 Hostem
1593 704 1977 771 acerrimum
2007 710 2202 790 atque

188 790 683 857 infestissimum
737 792 964 878 populi
1018 791 1300 857 Romani
1354 815 1468 858 seu
1520 793 1741 878 potius
1797 815 2203 859 communem

187 879 443 945 hostem
482 880 775 964 gentium
819 881 1288 964 nationumque
1334 880 1624 946 omnium
1670 880 2015 966 quisquam
2064 904 2203 947 om-

186 968 368 1033 nium
404 968 783 1034 mortalium
818 969 1115 1053 privatus
1162 969 1339 1034 intra
1383 968 1641 1034 moenia
1685 970 1861 1034 domi
1908 991 2061 1036 suae
2107 992 2201 1035 re-

186 1056 395 1120 tinere
421 1055 709 1140 poterit?
778 1055 986 1131 Quid?
1034 1056 1091 1120 si
1117 1056 1343 1141 pridie,
1380 1079 1577 1141 quam
1614 1079 1655 1122 a
1689 1079 1793 1121 me
1828 1061 1903 1121 tu
1940 1062 2201 1124 coactus
2240 1063 2307 1112 ⁷⁷

97 1163 160 1204 10
188 1165 259 1207 es
322 1143 617 1208 confiteri
679 1143 929 1208 civibus
986 1143 1302 1208 Romanis
1366 1145 1574 1211 securi
1635 1146 1958 1230 percussis
2023 1168 2202 1230 prae·

188 1231 427 1294 donum
481 1230 706 1295 ducem
762 1230 1005 1312 vivere,
1058 1231 1359 1296 habitare
1406 1233 1576 1316 apud
1622 1236 1716 1315 te,
1780 1233 1864 1315 si,
1918 1234 2204 1318 inquam,

187 1317 393 1402 pridie
422 1316 613 1382 domo
649 1321 765 1382 tua
798 1317 1216 1403 profugisset,
1253 1320 1312 1383 si
1349 1320 1635 1404 aliquam
1674 1342 1938 1385 manum
1975 1325 2204 1386 contra

186 1428 326 1474 rem
377 1405 720 1491 publicam,
761 1406 971 1472 facere
1014 1406 1363 1492 potuisset,
1419 1408 1573 1492 quid
1620 1408 1906 1474 diceres?
1983 1406 2202 1493 ‘Apud

188 1515 291 1558 me
354 1493 706 1577 habitavit,
779 1508 1028 1559 mecum
1090 1494 1244 1578 fuit3
1309 1516 1432 1581 ego
1496 1497 1683 1561 illum
1748 1498 1830 1561 ad
1891 1496 2200 1562 iudicium

49 1582 50 1655 J
95 1602 158 1643 15
186 1604 420 1666 meum,
459 1603 586 1665 quo
623 1581 877 1647 facilius
915 1582 1156 1648 crimen
1190 1584 1601 1649 inimicorum
1641 1584 1885 1650 diluere
1920 1607 2202 1670 possem,

49 1662 52 1679 i
184 1670 405 1736 vivum
459 1674 656 1754 atque
707 1670 1099 1736 incolumem
1153 1671 1522 1737 reservavi?
1622 1671 1808 1736 Itane
1862 1674 2062 1738 vero‘t>
2127 1677 2201 1737 tu

49 1822 52 1835 λ
184 1762 301 1823 tua
335 1758 626 1843 pericula
661 1759 987 1824 communi
1021 1759 1310 1844 periculo
1358 1758 1703 1823 defendes?
1750 1762 1823 1823 tu
1864 1760 2200 1845 supplicia,

48 1844 54 1948 ἑ
186 1866 351 1930 quae
407 1844 721 1909 debentur
773 1846 1078 1910 hostibus
1129 1846 1348 1928 victis,
1403 1846 1485 1911 ad
1534 1850 1746 1929 tuum,
1799 1868 1931 1910 non
1979 1848 2060 1911 ad
2105 1848 2201 1911 rei

49 1998 53 2020 ι
183 1932 485 2019 publicae
528 1934 786 2017 tempus
832 1933 1167 1997 conferes?
1216 1933 1445 2018 populi
1489 1932 1771 1998 Romani
1815 1934 2025 1998 hostis
2071 1935 2199 2021 pri-

49 2025 54 2104 ζ
93 2044 157 2085 20
183 2022 324 2088 vati
385 2020 669 2086 hominis
729 2020 1037 2086 custodiis
1094 2021 1589 2086 adservabitur‘?
1685 2021 1781 2086 At
1834 2022 2032 2087 etiam
2088 2024 2201 2107 qui

51 2113 54 2188 ζ
184 2109 597 2195 triumphant
651 2130 852 2192 eoque
909 2108 1150 2172 diutius
1195 2108 1379 2173 vivos
1427 2108 1715 2174 hostium
1762 2109 1952 2175 duces
1998 2132 2200 2176 reser-

51 2203 54 2215 '
183 2201 370 2280 vant,
440 2201 516 2261 ut
586 2196 689 2261 his
762 2218 879 2279 per
942 2196 1347 2281 triumphum
1415 2196 1625 2262 ductis
1688 2198 2200 2283 pulcherrimum

51 2283 52 2304 ἶ
185 2285 626 2371 spectaculum
687 2284 1097 2369 fructumque
1160 2284 1473 2350 victoriae
1526 2286 1808 2370 populus
1862 2285 2196 2351 Romanus

51 2443 52 2456 χ
182 2374 513 2459 percipere
566 2372 803 2460 possit,
854 2377 1103 2456 tamen,
1157 2394 1304 2437 cum
1358 2372 1437 2437 de
1489 2373 1632 2438 foro
1683 2374 1755 2438 in
1799 2372 2197 2460 Capitolium

51 2473 53 2542 ζ
92 2483 154 2523 25
184 2484 410 2528 currus
445 2461 703 2527 flectere
737 2460 1074 2546 incipiunt,
1118 2460 1270 2527 illos
1311 2459 1459 2527 duci
1491 2461 1561 2526 in
1598 2484 1917 2527 carcerem
1952 2462 2197 2547 iubent,

179 2551 481 2634 idemque
509 2549 644 2615 dies
673 2552 741 2614 et
770 2549 1127 2615 victoribus
1163 2548 1424 2634 imperii
1461 2554 1526 2614 et
1563 2550 1751 2616 victis
1788 2551 1964 2616 vitae
1998 2552 2195 2616 finem

180 2639 361 2704 facit.
440 2637 531 2703 Et
581 2659 752 2703 nunc
798 2638 1098 2722 cuiquam
1144 2637 1334 2703 credo
1381 2659 1522 2702 esse
1569 2637 1862 2723 dubium,
1919 2640 2078 2722 quin
2120 2642 2196 2702 tu
2234 2642 2302 2691 ⁷8

182 2725 249 2788 id
288 2726 745 2790 commissurus
780 2747 914 2790 non
946 2725 1166 2807 fueris,
1210 2725 1598 2810 praesertim
1640 2748 1787 2790 cum
1832 2726 2195 2810 statuisses,

182 2815 259 2875 ut
296 2812 411 2895 ais,
453 2812 580 2876 tibi
624 2833 886 2876 causam
932 2834 1073 2877 esse
1120 2812 1473 2895 dicendam,
1518 2815 1592 2875 ut
1637 2813 1750 2876 ille
1796 2812 2197 2897 archipirata

91 2922 155 2964 so
181 2921 315 2965 non
376 2899 630 2985 potius
661 2899 868 2963 securi
928 2899 1259 2980 feriretur,
1324 2921 1546 2982 quam,
1610 2900 1782 2981 quod
1846 2903 1988 2965 erat
2044 2905 2194 2966 ante

183 2989 407 3054 oculos
456 2986 770 3070 positum,
822 2991 938 3051 tuo
983 2985 1272 3071 periculo
1321 2985 1595 3051 viveret-¹
1687 2984 1756 3051 Si
1801 2986 1977 3052 enim
2024 2992 2196 3053 esset

180 3080 506 3158 mortuuS,
551 3077 652 3157 tu,
699 3073 809 3157 qui
851 3074 1095 3140 crimen
1140 3073 1236 3138 ais
1282 3076 1349 3137 te
1396 3073 1730 3158 metuisse,
1778 3096 2047 3160 quaem,
2093 3075 2195 3141 cui

178 3163 537 3250 probares?
611 3184 757 3228 cum
830 3164 1161 3227 constaret
1231 3161 1433 3226 istum
1497 3159 1830 3245 Syracusis
1900 3186 1940 3228 a
2008 3164 2193 3230 nullo

177 3253 393 3318 visum
456 3272 598 3317 esse
661 3250 1152 3335 archipiratam,
1225 3250 1310 3315 ab
1374 3250 1675 3315 omnibus
1741 3250 2195 3337 desideratum,

90 3361 150 3403 35
181 3364 327 3407 cum
382 3340 713 3406 dubitaret
763 3360 952 3404 nemo
964 3388 982 3421 ,
1046 3338 1230 3422 quin>
1255 3338 1374 3403 abs
1428 3342 1496 3403 tc
1548 3338 1822 3424 pecunia
1876 3339 2193 3405 liberatus

180 3434 380 3513 esset,
451 3450 598 3496 cum
668 3427 867 3513 volgo
939 3427 1362 3510 loquerentur
1432 3427 1843 3512 suppositum
1913 3427 1984 3491 in
2056 3427 2192 3493 eius

179 3519 422 3601 locum,
493 3538 687 3601 quem
757 3536 876 3600 pro
947 3514 1065 3579 illo
1137 3515 1416 3599 probare
1488 3515 1717 3599 velles,
1789 3537 1935 3581 cum
1997 3519 2073 3582 tu
2124 3519 2193 3580 te
