2566 4016
748 206 883 261 ΜΒ.
913 208 964 262 V
1029 207 1184 263 CAP.
1224 214 1431 263 16—18
1470 214 1500 274 5
1539 216 1763 265 ιιι-47.
2129 209 2263 273 445

255 355 442 417 erant
493 350 868 417 carissimae
921 351 1325 434 maximeque
1380 372 1528 415 eum
1579 351 2005 420 delectabant.
2098 352 2262 418 Eam

252 461 487 505 navem
539 461 747 522 nuper
801 443 1062 525 egomet
1114 439 1246 504 vidi
1282 438 1509 503 Veliae
1564 439 1882 522 multique
1933 440 2047 505 alii
2092 441 2263 506 vide-

252 531 408 592 runt
444 527 949 610 pulcherrimam
987 530 1180 610 atque
1219 527 1724 611 ornatissimam,
1759 526 2019 593 iudices,
2083 528 2261 604 Quae

256 616 516 699 quidem
543 615 860 699 omnibuS,
890 615 1002 698 qui
1029 637 1172 680 eam
1201 615 1649 699 adspexerant,
1683 619 2100 699 prospectare
2127 617 2259 681 iam

197 725 227 766 ο
256 704 521 768 exilium
548 707 741 786 atque
770 703 1106 788 explorare
1132 703 1361 788 fugam
1393 703 1638 768 domini
1675 703 2031 768 videbatur.
2095 702 2262 778 Quid
2286 676 2369 801 1485
2444 714 2451 722 “

253 791 417 857 mihi
449 792 572 857 hoc
609 791 752 857 loco
789 791 1252 875 respondebis?
1298 790 1426 856 nisi
1461 791 1632 855 forte
1668 791 1753 874 id,
1790 792 1962 874 quod
1998 792 2265 856 tametsi

252 880 522 965 probari
581 880 764 945 nullo
828 879 1019 944 modo
1082 883 1330 965 potest,
1396 882 1618 944 tamen
1681 879 1806 944 dici
1871 879 2131 965 quidem
2195 880 2265 944 in

251 968 488 1033 iudicio
527 968 605 1033 de
650 968 938 1052 pecuniis
984 968 1358 1053 repetundis
1402 988 1667 1032 necesse
1711 971 1830 1050 est,
1875 969 1953 1032 de
1999 972 2115 1033 tua
2158 990 2264 1053 pe-

255 1056 445 1122 cunia
472 1055 877 1120 aedificatam
905 1077 1045 1120 esse
1075 1077 1326 1121 navem.
1380 1054 1567 1120 Aude
1603 1055 1728 1120 hoc
1763 1056 1999 1121 saltem
2036 1056 2264 1140 dicere,

174 1166 229 1207 ιο
257 1143 432 1226 quod
465 1163 724 1207 necesse
762 1146 888 1225 est3
925 1143 1063 1207 noli
1099 1147 1403 1226 metuere,
1443 1142 1775 1226 Hortensi,
1818 1165 1900 1208 ne
1939 1165 2264 1227 quaeram,

256 1230 369 1315 qui
421 1229 677 1294 licuerit
732 1230 1067 1295 aedificare
1111 1252 1346 1296 navem
1392 1231 1704 1314 senatori3
1759 1231 2064 1315 antiquae
2113 1235 2264 1297 sunt

255 1318 422 1383 istae
486 1319 665 1403 leges
729 1321 794 1383 et
857 1322 1177 1400 mortuae,
1242 1340 1434 1402 quem
1498 1319 1579 1383 ad
1643 1320 1905 1384 modum
1965 1324 2039 1384 tu
2093 1320 2264 1385 soles

258 1406 493 1488 dicere,
548 1427 713 1489 quae
766 1409 1011 1470 vetant.
1090 1405 1243 1471 Fuit
1292 1407 1425 1471 ista
1467 1428 1569 1471 res
1614 1408 1878 1491 publica
1923 1408 2267 1492 quondam,

254 1494 382 1560 fuit
418 1494 551 1559 ista
594 1494 908 1560 severitas
953 1495 1024 1559 in
1065 1494 1337 1577 iudiciis,
1383 1498 1457 1560 ut
1500 1494 1696 1560 istam
1745 1517 1882 1561 rem
1929 1501 2266 1562 accusator

175 1604 228 1646 15
255 1583 325 1647 in
362 1583 618 1668 magnis
657 1582 1033 1648 criminibus
1080 1582 1482 1649 obiciendam
1528 1588 1805 1668 putaret.
1878 1583 2047 1659 Quid
2091 1584 2266 1649 enim

254 1671 379 1735 tibi
428 1671 627 1736 navi?
692 1671 803 1754 qui
858 1671 913 1735 si
968 1692 1098 1754 quo
1150 1671 1405 1755 publice
1451 1672 1906 1755 proficisceriS,
1958 1672 2266 1756 praesidii

255 1764 323 1823 et
380 1763 680 1824 vecturae
744 1781 939 1825 causa
1003 1763 1268 1843 sumptu
1323 1758 1581 1842 publico
1635 1759 1903 1842 navigia
1953 1760 2266 1842 praeben-

255 1850 392 1928 tur3
462 1845 774 1928 privatim
842 1850 1060 1910 autem
1121 1867 1241 1910 nec
1303 1845 1624 1929 proficisci
1686 1866 2014 1929 quoquam
2076 1850 2264 1930 potes

256 1954 373 1998 nec
411 1953 733 1997 arcessere
770 1953 873 1996 res
919 1933 1395 1996 transmarinas
1441 1952 1520 1996 ex
1563 1932 1643 1996 iis
1689 1933 1871 2017 lociS,
1914 1933 1984 1996 in
2030 1933 2263 2018 quibus

174 2045 229 2084 κο
256 2027 323 2087 te
383 2022 624 2086 habere
676 2020 842 2084 nihil
897 2020 1067 2084 licet.
1165 2019 1415 2084 Deinde
1470 2042 1583 2085 cur
1638 2021 1982 2105 quicquam
2037 2026 2265 2088 contra

254 2112 437 2196 leges
490 2108 781 2193 parasti?
861 2108 1131 2173 Valeret
1174 2108 1299 2173 hoc
1345 2108 1587 2172 crimen
1630 2109 1702 2172 in
1743 2108 1860 2174 illa
1905 2113 2121 2174 vetere
2169 2132 2267 2176 se-

255 2198 533 2263 veritate
579 2218 653 2262 ac
699 2196 1018 2281 dignitate
1063 2195 1158 2260 rei
1203 2196 1527 2280 publicac3
1570 2218 1740 2262 nunc
1784 2218 1917 2262 non
1961 2198 2154 2263 modo
2199 2203 2266 2266 te

255 2286 380 2350 hoc
425 2284 691 2351 crimine
734 2306 867 2350 non
913 2304 1143 2369 arguo,
1190 2284 1304 2348 sed
1346 2305 1428 2348 ne
1472 2284 1592 2349 illa
1636 2284 1895 2369 quidem
1940 2287 2267 2351 communi

255 2373 731 2458 vituperatione
759 2372 1182 2455 reprehendo:
1220 2371 1319 2437 Tu
1351 2372 1472 2436 tibi
1509 2373 1637 2437 hoc
1667 2395 2023 2457 numquam
2058 2378 2266 2459 turpe,

174 2482 230 2523 25
255 2483 609 2545 numquam
650 2461 1087 2544 criminosum,
1130 2480 1487 2544 numquam
1531 2461 1922 2527 invidiosum
1965 2462 2106 2527 fore
2150 2485 2265 2547 pu-

254 2551 433 2633 tasti,
478 2549 897 2615 celeberrimo
935 2550 1079 2614 loco
1116 2548 1335 2632 palam
1371 2549 1495 2613 tibi
1533 2550 1859 2615 aedificari
1899 2551 2264 2615 onerariam

252 2660 597 2799 &2332ss
629 2636 2267 2808 Pssffiffiffl'fflffie{Zniffmqssffipiffssssssssssffbssssss

259 2812 370 2895 qui
434 2812 807 2892 audiebant,
871 2811 1320 2876 arbitrabare?
1392 2813 1653 2877 inanem
1713 2816 1780 2877 te
1838 2834 2073 2878 navem
2125 2833 2265 2876 esse

174 2919 231 2961 so
256 2899 443 2964 illam
518 2900 588 2963 in
656 2896 923 2962 Italiam
998 2899 1469 2963 adducturum?
1546 2899 2047 2983 naviculariam,
2119 2922 2264 2965 cum

254 2987 536 3053 Romam
596 2987 911 3069 venisses,
975 3006 1115 3050 esse
1167 2984 1534 3050 facturum?
1633 2985 1735 3050 Ne
1789 2987 1951 3053 illud
2005 2987 2265 3071 quidem

255 3076 600 3161 quisquam
654 3077 914 3159 poterat
968 3073 1310 3159 suspicari,
1374 3077 1439 3162 te
1491 3073 1562 3139 in
1614 3072 1810 3140 Italia
1864 3076 2264 3142 maritimum

251 3165 496 3230 habere
546 3162 820 3227 fundum
874 3166 941 3227 et
995 3162 1078 3227 ad
1120 3161 1371 3226 fructus
1419 3161 1854 3245 deportandos
1900 3163 2264 3230 onerariam

251 3274 486 3320 navem
514 3272 909 3336 comparare.
968 3250 1131 3315 Eius
1168 3250 1346 3315 modi
1379 3249 1647 3315 voluisti
1682 3251 1760 3315 de
1798 3254 1864 3316 te
1902 3272 2263 3317 sermonem

170 3358 227 3400 ³5
256 3363 396 3407 esse
452 3340 768 3423 omnium,
821 3340 1041 3423 palam
1096 3342 1171 3403 ut
1221 3339 1644 3422 loquerentur
1688 3342 1755 3403 te
1801 3339 1990 3404 illam
2031 3362 2260 3405 navem

252 3450 510 3514 parare,
564 3449 728 3513 quae
781 3426 1089 3513 praedam
1135 3448 1214 3492 ex
1260 3426 1482 3492 Sicilia
1527 3426 1903 3511 deportaret
1948 3432 2013 3492 et
2060 3428 2141 3493 ad
2188 3449 2263 3494 ca

250 3517 458 3601 furta,
538 3538 701 3601 quae
782 3515 1183 3600 reliquisses„
1263 3520 1674 3581 commearet.
1781 3514 2028 3582 Verum
2103 3517 2262 3583 haec

2302 2035 2371 2084 46

2300 3528 2366 3576 47
