2566 4016
890 221 1039 277 CAP.
1078 229 1287 278 29—31
1325 229 1356 288 s
1393 228 1566 280 εει-8
2168 227 2253 292 59

234 389 435 434 nemo
495 369 766 432 conetur
828 365 967 431 sine
1026 387 1140 450 spe
1198 370 1393 449 atque
1448 368 1882 434 emolumento
1938 371 2252 437 accedere.

234 456 431 521 Hunc
485 453 919 538 quaesitorem
970 475 1045 518 ac
1087 454 1364 518 iudicem
1407 454 1748 540 fugiebant
1794 460 1990 540 atque
2037 459 2252 524 horre·
2290 472 2356 519 85

234 546 401 609 bant
427 542 496 625 ii,
534 541 769 625 quibus
796 541 1155 625 periculum
1183 542 1544 624 creabatur,
1580 542 1724 608 ideo
1763 544 1953 626 quod,
1988 548 2254 614 tametsi

237 630 541 704 veritatis
567 632 710 694 erat
737 628 1000 712 amicus,
1035 632 1257 693 tamen
1281 633 1519 693 natura
1552 651 1686 695 non
1719 635 1853 697 tam
1882 652 2253 715 ,propensus

183 736 211 777 ⁵
239 720 323 785 ad
394 716 904 782 misericordiam
975 738 1169 799 quam
1239 717 1627 801 implacatus
1693 718 1776 783 ad
1839 720 2253 785 severitatem

236 806 599 871 videbatur.
687 802 860 889 Ege,
924 826 1316 888 quamquam
1369 809 1629 889 praeest
1682 806 1832 871 huic
1887 809 2254 908 quaestioni

237 895 344 959 vir
400 896 466 957 et
518 895 748 957 contra
802 891 1168 956 audaciam
1187 892 1587 960 fortissimus
1640 898 1705 958 et
1757 895 1840 960 ab
1884 895 2253 962 innocentia

239 980 805 1060 clementissimus,
849 983 1071 1044 tamen
1105 979 1298 1045 facile
1344 1002 1446 1045 me
1490 985 1751 1064 paterer
1796 983 1901 1046 vel
1945 984 2062 1048 illo
2106 984 2251 1068 ipso

241 1068 561 1135 acerrimo
595 1067 803 1132 iudice
848 1071 1195 1150 quaerente
1241 1068 1345 1131 vel
1392 1069 1562 1151 apud
1597 1066 1947 1134 Cassianos
1992 1071 2253 1152 iudices,

157 1175 214 1215 ιο
241 1177 524 1241 quorum
550 1156 748 1220 etiam
774 1176 945 1219 nunc
970 1154 1038 1236 ii,
1076 1155 1310 1237 quibus
1338 1177 1534 1221 causa
1561 1155 1828 1222 dicenda
1865 1160 1983 1239 est,
2017 1178 2256 1221 nomen

238 1245 461 1329 ipsum
517 1242 967 1325 reformidant,
1030 1264 1148 1325 pro
1204 1239 1346 1305 Sex.
1392 1242 1627 1307 Roscio
1685 1243 1911 1309 dicere.
2002 1243 2080 1307 In
2131 1243 2254 1308 hac

243 1333 421 1396 enim
456 1351 652 1404 causa
686 1351 832 1395 cum
865 1329 1161 1394 viderent
1196 1329 1349 1393 illos
1396 1329 1871 1413 amplissimam
1914 1292 2324 1432 pecuniam8

239 1418 593 1503 possidere,
637 1417 862 1482 hunc
843 1439 912 1480 ιιι
949 1439 1202 1482 summa
1247 1417 1662 1482 mendicitate
1707 1438 1867 1500 esse,
1911 1418 2075 1484 illud
2121 1419 2269 1503 qui-

242 1507 391 1572 dem
450 1527 587 1571 non
642 1508 1049 1589 quaererent,
1114 1504 1216 1570 cui
1269 1504 1444 1569 bono
1498 1505 1756 1587 fuisset,
1821 1506 1933 1570 sed
1987 1528 2063 1572 eo
2119 1529 2275 1591 per-

160 1613 213 1653 15
242 1596 468 1678 spicue
496 1593 741 1657 crimen
767 1597 833 1656 et
861 1592 1292 1675 suspicionem
1318 1593 1536 1675 potius
1576 1593 1657 1657 ad
1691 1594 2013 1679 praedam
2037 1595 2256 1661 adiun-

243 1685 475 1769 gerent
529 1702 724 1764 quam
775 1678 857 1744 ad
903 1682 1275 1764 egestatem.
1370 1680 1563 1782 Quid,
1620 1681 1676 1745 si
1722 1682 1967 1748 accedit
2013 1683 2256 1783 eodem,

241 1774 318 1835 ut
360 1768 578 1850 tenuis
624 1771 818 1833 antea
860 1767 1104 1832 fueris?
1171 1768 1352 1851 quid,
1407 1769 1464 1833 si
1509 1771 1584 1833 ut
1629 1769 1907 1833 avarus?
1974 1769 2152 1852 quid,
2200 1772 2258 1833 si

242 1861 322 1921 ut
376 1844 625 1920 audax?
690 1855 870 1939 quid,
927 1856 984 1918 si
1036 1859 1109 1920 ut
1154 1855 1360 1935 illius,
1415 1855 1527 1937 qui
1573 1856 1821 1921 occisus
1850 1859 1994 1934 est,
2048 1855 2257 1918 inimi-

246 1943 588 2008 cissimus?
647 1965 804 2011 num
859 1942 1221 2027 quaerenda
1273 1962 1492 2023 causa,
1549 1963 1711 2025 quae
1762 1947 1827 2006 te
1874 1942 1955 2006 ad
1999 1946 2257 2007 tantum

159 2052 218 2092 s·
245 2032 497 2097 facinus
553 2031 932 2097 adduxerit?
995 2030 1163 2106 ¹Quid
1217 2050 1373 2115 ergo
1428 2029 1660 2094 horum
1714 2030 1941 2113 negari
1994 2033 2256 2112 potest?

246 2119 556 2185 Tenuitas
610 2119 893 2184 hominis
949 2119 1085 2183 eius
1141 2117 1318 2182 modi
1370 2122 1497 2199 est,
1551 2121 1624 2182 ut
1678 2116 2073 2181 dissimulari
2126 2139 2258 2183 non

246 2211 445 2293 queat
489 2211 685 2290 atque
731 2228 806 2271 eo
855 2206 1065 2292 magis
1112 2206 1390 2288 eluceat,
1446 2226 1574 2288 quo
1618 2205 1831 2291 magis
1877 2206 2257 2271 occultatur.

244 2295 614 2369 Avaritiam
667 2294 981 2377 praefers,
1036 2293 1148 2377 qui
1202 2293 1580 2365 societatem
1635 2293 1863 2359 coieris
1921 2293 1997 2358 de
2054 2294 2257 2359 muni-
2294 2306 2361 2355 87

250 2385 444 2467 cipis
460 2383 850 2468 cognatique
894 2381 1174 2447 fortunis
1221 2403 1369 2447 cum
1416 2382 1830 2448 alienissimo.
1914 2382 2122 2458 Quam
2168 2383 2258 2448 sis

165 2489 219 2531 ιε
247 2470 484 2552 audax,
544 2474 620 2534 ut
664 2469 795 2535 alia
840 2469 1213 2546 obliviscar,
1257 2469 1411 2533 hinc
1456 2490 1678 2535 omnes
1724 2469 2105 2555 intellegere
2150 2493 2260 2571 po-

245 2562 530 2640 tuerunt,
553 2558 740 2641 quod
775 2579 853 2622 ex
888 2560 1033 2622 tota
1069 2555 1396 2656 societate,
1438 2557 1562 2621 hoc
1597 2561 1699 2622 est
1736 2579 1813 2621 ex
1848 2561 1952 2621 tot
1988 2558 2259 2639 sicariiS,

247 2648 427 2712 solus
482 2650 585 2711 tu
610 2646 912 2710 inventus
966 2666 1063 2727 es,
1119 2643 1230 2727 qui
1281 2665 1428 2711 cum
1480 2645 1958 2713 accusatoribus
2006 2607 2259 2709 sederes

249 2738 448 2816 atque
475 2754 547 2798 os
575 2737 761 2797 tuum
787 2753 920 2797 non
947 2732 1138 2797 modo
1168 2731 1558 2813 ostenderes,
1596 2732 1721 2797 sed
1740 2734 1939 2798 etiam
1977 2731 2259 2796 offerres.

246 2820 632 2886 Inimicitias
668 2820 798 2884 tibi
837 2819 1036 2885 fuisse
1081 2840 1224 2884 cum
1274 2816 1415 2883 Sex.
1452 2783 1689 2885 Ro⁷scio
1737 2823 1803 2885 et
1847 2839 2120 2904 magnas
2166 2818 2262 2881 rei

163 2928 220 2969 so
244 2894 589 2976 familiaris
632 2907 1106 2975 controversias
1152 2908 1462 2973 concedas
1508 2928 1768 2973 necesse
1814 2910 1931 2972 est.
2009 2906 2261 2987 Restat,
2299 2916 2366 2965 88

242 2997 515 3080 iudices,
568 3000 644 3071 ut
695 2995 819 3062 hoc
870 2995 1264 3077 dubitemus,
1322 2997 1467 3060 uter
1511 2995 1728 3079 potius
1777 2993 1918 3060 Sex.
1954 2992 2261 3058 Roscium

244 3084 580 3166 occiderit,
643 3084 727 3165 is,
787 3083 868 3149 ad
925 3104 1116 3167 quem
1170 3086 1381 3147 morte
1435 3083 1572 3148 eius
1630 3082 1895 3147 divitiae
1948 3080 2263 3163 venerint,

247 3195 333 3247 an
368 3172 446 3256 is,
493 3172 577 3236 ad
614 3193 805 3272 quem
841 3170 1241 3253 mendicitas,
1286 3170 1363 3252 is,
1411 3170 1521 3254 qui
1558 3174 1752 3235 antea
1787 3168 2000 3233 tenuis
2045 3167 2264 3248 fuerit,

247 3282 344 3329 an
378 3261 467 3343 is,
521 3259 631 3342 qui
677 3263 907 3343 postea
950 3258 1163 3323 factus
1211 3258 1299 3323 sit
1344 3258 1828 3343 egentissimus,
1878 3255 1963 3337 is,
2011 3255 2122 3338 qui
2168 3277 2266 3321 ar·

164 3362 217 3405 ⁸⁶
246 3348 406 3417 dens
438 3348 719 3412 avaritia
746 3347 994 3412 feratur
1021 3346 1341 3411 infestus
1321 3367 1391 3410 ιιι
1423 3366 1595 3427 su08,
1631 3366 1716 3408 an
1751 3344 1826 3425 is,
1863 3343 1975 3426 qui
2012 3365 2265 3429 semper

242 3437 360 3511 ita
380 3435 634 3518 vixerit,
672 3437 745 3499 ut
783 3437 1125 3518 quaestum
1160 3436 1384 3498 nosset
1418 3432 1692 3515 nullum,
1727 3431 2023 3501 fructum
2045 3437 2265 3499 autem

248 3542 396 3586 eum
444 3485 720 3605 sqlum,
740 3543 932 3605 quem
978 3522 1202 3587 labore
1247 3518 1636 3604 peperisset,
1688 3519 1773 3604 is,
1818 3520 1932 3604 qui
1977 3521 2267 3587 omnium

2275 1217 2358 1341 381
