2566 4016
316 246 448 313 332
918 241 997 296 IN
1036 240 1091 297 C.
1122 238 1438 295 VERREM
1473 236 1630 294 ACT.
1669 237 1738 291 11.

316 390 584 474 maturi,
646 386 960 455 Metellus
1036 386 1296 469 quidem
1369 386 1542 449 certe
1606 382 1739 447 iam
1801 381 1927 446 hoc
1989 380 2345 463 iudicabat,

318 500 542 545 eorum
578 498 718 543 rem
755 495 1145 558 causamque
1193 493 1336 538 esse
1383 471 1811 553 coniunctam,
1859 468 1971 553 qui
2018 472 2342 534 statueret

318 566 613 651 Apronio
681 564 1107 630 condemnato
1173 561 1251 626 de
1314 560 1445 625 isto
1505 556 1971 644 praeiudicium
2025 556 2338 622 futurum.

316 655 408 720 Et
455 654 649 719 simul
694 674 824 717 una
867 672 972 715 res
1018 650 1276 734 utrique
1321 647 1419 712 rei
1463 651 1565 714 est
1611 648 2030 731 argumente,
2086 648 2153 709 et
2199 666 2335 710 arae-

319 748 496 808 tores
548 742 617 807 vi
671 744 737 805 et
786 742 966 803 metu
1011 741 1270 803 coactos
1308 735 1603 820 Apronio
1650 734 1861 800 multo
1906 733 2086 818 plus,
2139 754 2341 817 quam
2366 745 2395 787 ὅ

320 829 678 911 debuerint,
713 827 983 910 dedisse,
1020 829 1087 890 et
1114 824 1480 910 Apronium
1516 822 1708 887 istius
1745 843 1882 887 rem
1921 843 2038 887 suo
2075 821 2343 886 nomine

321 919 552 1004 egisse,
599 937 745 981 cum
778 914 851 979 L.
879 914 1183 980 Metellus
1221 911 1529 976 statuerit
1573 932 1707 975 non
1751 930 1944 995 posse
1973 907 2342 994 Apronium

321 1002 760 1088 condemnari,
825 1003 980 1088 quin
1043 1000 1239 1066 simul
1295 1000 1373 1064 de
1428 998 1620 1064 istius
1677 998 1916 1063 scelere
1972 1000 2168 1081 atque
2222 997 2344 1062 im-

216 1152 301 1216 66
321 1092 654 1193 probitate
696 1091 1129 1189 iudicaretur..
1420 1173 1565 1239 Tim
1677 1172 1812 1238 hid·
1879 1172 1974 1237 rb
2013 1172 2098 1237 rt.
2153 1173 2167 1186 .
2207 1173 2258 1236 t·

218 1229 390 1334 1Met
454 1180 873 1351 {thail-,lude
908 1177 1866 1351 agugmddlidmiiixeroffrzotulm
1905 1195 2045 1327 hdo
2080 1193 2346 1326 lerlisiriielrsi
2372 1187 2430 1230 1⁰

325 1359 748 1423 decumanum
774 1374 1102 1440 perorar0.
1164 1351 1346 1417 Haec
1373 1350 1657 1436 epistula
1693 1352 1815 1431 est,
1845 1348 2108 1443 iudices,
2147 1371 2344 1433 quam

322 1465 442 1509 nos
480 1441 814 1527 Syracusis
850 1442 920 1505 in
954 1441 1222 1505 aedibus
1242 1439 1499 1524 Aproni
1534 1460 1682 1504 cum
1716 1438 1975 1503 litteras
2011 1438 2346 1520 conquire-

323 1552 566 1615 remus,
619 1529 1000 1594 invenimus.
1089 1526 1297 1592 Missa
1350 1529 1476 1610 est,
1530 1531 1605 1590 ut
1657 1526 1802 1611 ipsa
1857 1525 2209 1610 significat,
2262 1546 2344 1590 ex

322 1619 582 1699 itinere,
628 1639 775 1684 eum
811 1615 1051 1680 Verres
1097 1615 1231 1680 iam
1276 1613 1356 1680 de
1400 1613 1736 1699 provincia
1781 1612 2193 1696 decessisset,
2240 1613 2344 1677 Ti-
2371 1627 2426 1669 1⁵

198 1746 201 1751 -
325 1705 643 1772 marchidi
671 1726 867 1770 manu
896 1704 1158 1787 scripta.
1213 1702 1460 1769 Recita.
1514 1701 1870 1768 EPISTULA
1897 1700 2342 1768 TIMARCHIDI.

327 1792 916 1857 TIMARCHIDES
947 1790 1215 1857 Vnmus
1260 1806 1614 1856 Accsnsus
1627 1793 2003 1858 APRONIO
2022 1806 2345 1856 murm

325 1899 537 1949 DIclT.
607 1882 751 1948 Iam
785 1881 912 1947 hoc
949 1880 1207 1966 quidem
1242 1901 1376 1946 non
1410 1876 1830 1963 reprehende,
1867 1876 2039 1961 quo'd
2075 1877 2346 1943 ascribit

326 1970 701 2037 ‘accensus'.
771 1968 904 2037 Cur
950 1969 1122 2035 enim
1169 1968 1298 2034 sibi
1341 1968 1466 2034 hoc
1511 1966 1760 2033 scribae
1808 1965 1934 2034 soli
1980 1971 2343 2033 assumant:

327 2057 421 2122 ‘L.
456 2059 789 2125 PAPmms
854 2056 1177 2124 somna'?
1241 2057 1392 2121 volo
1452 2076 1574 2141 ego
1630 2054 1755 2120 hoc
1807 2074 1949 2120 esse
2005 2075 2344 2121 commune
2371 2069 2428 2110 »ο

326 2167 770 2229 accensorum,
832 2146 1163 2228 lictorum,
1226 2145 1568 2209 viatorum.
1666 2141 1810 2207 FAC
1875 2160 2344 2208 DILIGENTIAM

326 2250 705 2316 ADHIBIIAs,
753 2249 944 2310 QUOD
994 2250 1090 2304 AD
1135 2247 1524 2297 PRAETORIS
1571 2245 2174 2298 EXISTIMATIONEM
2217 2249 2343 2296 AT-

328 2338 561 2386 TINET.
643 2318 1070 2386 Commendat
1107 2315 1400 2404 Apronio
1437 2316 1711 2384 Verrem
1764 2321 1831 2384 et
1883 2319 2215 2403 hortatur,
2269 2324 2346 2385 ut

325 2407 606 2473 inimicis
645 2407 781 2471 eius
818 2406 1104 2471 resistat.
1184 2405 1371 2472 Bono
1416 2406 1740 2493 praesidio
1785 2406 2077 2472 munitur
2123 2407 2345 2473 existi-

326 2494 531 2559 matio
577 2498 719 2578 tua,
770 2494 1087 2578 siquidem
1132 2495 1203 2559 in
1239 2492 1494 2580 Aproni
1537 2494 1956 2559 constituitur
2002 2494 2346 2580 diligentia
2370 2509 2425 2551 ὅ

327 2587 522 2667 atque
578 2582 983 2648 auctoritate.
1075 2582 1318 2649 HABEs
1372 2600 1764 2665 VIRTUTEM,
1820 2598 2346 2660 ELOQUENTIAM.

224 2681 326 2733 155
365 2671 575 2748 Quam
613 2671 872 2757 copiose
908 2671 1212 2736 laudatur
1233 2670 1563 2756 Apronius
1601 2693 1643 2736 a
1677 2669 2103 2755 Timarchide,
2150 2693 2348 2755 quam

327 2759 693 2846 magnifice!
770 2756 892 2825 Cui
919 2779 1041 2845 ego
1079 2760 1268 2824 illum
1303 2780 1438 2823 non
1471 2762 1696 2844 putem
1732 2759 1988 2844 placere
2025 2762 2347 2844 oportere,

328 2848 439 2933 qui
502 2851 691 2913 tanto
756 2869 948 2933 opere
1013 2847 1411 2913 Timarchidi
1475 2846 1790 2930 probatus
1854 2846 1986 2912 sit?
2083 2845 2347 2931 HABES,

329 2953 659 3002 smffTIJM
707 2953 901 3002 unna
948 2952 1214 3002 mous.
1305 2933 1586 2999 Necesse
1631 2938 1759 3018 est,
1815 2934 1872 2998 si
1918 2934 2072 3018 quid
2117 2936 2345 3000 redun-
2371 2950 2429 2992 ω

328 3023 501 3088 darit
536 3025 614 3089 de
650 3028 871 3090 vestro
907 3022 1336 3088 frumentario
1385 3026 1676 3106 quaestu,
1721 3022 1805 3087 ad
1849 3022 2039 3088 illum
2082 3023 2346 3108 potissi·

327 3134 524 3195 mum,
559 3133 676 3197 per
715 3132 905 3195 quem
944 3111 1260 3197 agebatis,
1300 3109 1656 3175 defluxisse.
1722 3108 2032 3194 SCRIBAS,
2067 3127 2348 3176 APPARI-

327 3216 549 3265 Tonns
632 3216 974 3265 ancnnms
1055 3216 1337 3281 ARRIPE3
1422 3214 1565 3281 cun
1647 3197 1718 3263 L.
1790 3197 2143 3282 Vommo,
2225 3216 2348 3276 om

327 3302 690 3352 Pnunmmu
743 3303 1041 3370 Porns‘r,
1104 3303 1365 3370 cAanE,
1422 3302 1745 3352 coneum.
1833 3285 2094 3369 Videte,
2149 3308 2348 3370 quam

327 3371 516 3434 valde
572 3374 862 3438 malitiae
918 3395 1073 3439 suae
1128 3374 1412 3440 confidat
1455 3373 1927 3459 Timarchides,
1981 3374 2095 3458 qui
2146 3375 2350 3440 etiam
2375 3390 2428 3432 ³⁶

330 3451 621 3533 Apronio
675 3460 1095 3543 inprobitatis
1141 3466 1491 3547 praecepta
1536 3461 1662 3526 det.
1749 3459 1891 3528 Iam
1940 3462 2065 3527 hoc
2113 3460 2351 3548 ‘caede,

330 3539 587 3602 concide
599 3540 637 3604 'l
682 3565 895 3610 nonne
941 3548 1128 3613 vobis
1173 3551 1377 3614 verba
1422 3550 1614 3615 domo
1660 3550 1924 3635 patroni
1967 3549 2351 3635 depromere
