2566 4016
304 215 391 279 62
648 212 791 266 PRO
830 210 981 266 SEX.
1021 207 1278 264 ROSCIO
1315 206 1649 263 AMERINO
1688 207 1904 262 ORATI

304 357 606 424 maleficii
636 354 1052 439 suscipiendi3
1089 374 1254 436 quae
1289 372 1423 416 non
1455 351 1648 418 modo
1685 351 1923 416 idcirco
1959 354 2319 437 praetereo,

306 446 477 531 quod
522 449 589 509 te
633 445 849 529 ipsum
893 463 1026 507 non
1071 440 1352 506 libenter
1398 459 1655 520 accuso,
1708 459 1933 504 verum
1980 460 2055 504 eo
2104 440 2316 526 magis

306 534 525 616 etiam,
571 531 759 615 quod,
806 530 862 594 si
900 530 976 595 de
1021 529 1158 594 illis
1204 526 1505 593 caedibus
1548 526 1748 591 velim
1793 546 2318 612 commemorare,

306 643 468 705 quae
523 624 664 685 tum
716 618 928 683 factae
984 620 1137 682 sunt
1186 616 1319 679 ista
1374 615 1596 700 eadem
1650 614 1930 697 ratione,
1990 636 2119 698 qua
2175 612 2319 680 Sex.-

302 709 575 774 Roscius
622 706 869 772 occisus
914 707 1039 788 est,
1095 724 1347 786 vereor,
1390 724 1472 767 ne
1519 702 1600 767 ad
1645 702 1864 786 plures
1912 703 2126 767 oratio
2172 722 2317 767 mea
2344 722 2374 762 5

200 859 285 922 34
303 797 627 896 pertinere
670 793 983 858 videatur.
1170 879 1182 892 ο
1260 880 1273 893 ο
1468 879 1480 892 ο
2214 823 2224 886 '-

200 936 267 985 ⁹⁵
307 883 1013 1037 marlssfffffiffassssssss
1044 883 1409 1049 mm.
1428 880 1890 1048 “ffsssiffflz
1927 899 2112 1048 2¹:22?
2152 882 2344 1054 ἓξὲξ

305 1060 403 1123 ita
429 1062 656 1143 aperta
687 1061 754 1122 et
790 1054 1139 1121 manifesta
1174 1057 1346 1137 sunt,
1380 1056 1456 1118 ut
1490 1075 1594 1118 me
1631 1053 1773 1117 dius
1810 1052 2021 1136 fidius,
2057 1053 2316 1137 iudices,

304 1147 549 1210 invitus
612 1166 691 1211 ea
754 1144 981 1209 dicam.
1070 1142 1318 1207 Vereor
1380 1141 1578 1224 enim,
1642 1140 2023 1205 cuicuimodi
2084 1160 2180 1222 es,
2243 1139 2313 1209 Τ.
2346 1161 2399 1199 ιο

305 1234 501 1299 Rosci
510 1265 558 1317 ,ff
590 1254 671 1297 ne
730 1233 828 1296 ita
879 1231 1050 1295 hunc
1103 1229 1327 1294 videar
1379 1229 1663 1293 voluisse
1718 1250 2002 1311 servare,
2065 1232 2140 1291 ut
2191 1228 2316 1292 tibi

306 1322 569 1387 omnino
631 1341 763 1385 non
825 1317 1238 1403 pepercerim.
1330 1315 1493 1381 Cum
1552 1316 1678 1381 hoc
1728 1336 1957 1381 vereor
2011 1320 2076 1381 et
2129 1316 2317 1399 cupio

305 1409 429 1473 tibi
472 1408 691 1491 aliqua
738 1429 814 1470 ex
857 1410 1065 1490 parte,
1111 1405 1286 1488 quod
1331 1405 1513 1469 salva
1557 1403 1682 1469 fide
1722 1404 1991 1487 possim,
2036 1424 2320 1488 parcere,

305 1516 530 1561 rursus
565 1495 840 1560 immuto
876 1494 1286 1558 voluntatem
1321 1514 1559 1574 meam3
1604 1491 1785 1557 venit
1828 1491 1999 1556 enim
2044 1491 2208 1555 mihi
2249 1491 2320 1555 in

307 1587 591 1648 mentem
628 1582 760 1646 oris
803 1581 920 1644 tui.
1001 1580 1193 1664 Tene,
1239 1601 1384 1644 cum
1431 1581 1628 1644 ceteri
1674 1579 1831 1644 socii
1874 1580 1975 1643 tui
2016 1579 2319 1665 fugerent
2347 1595 2399 1638 1⁵

308 1692 382 1735 ac
446 1691 515 1736 se
580 1670 1005 1753 occultarent,
1066 1673 1143 1732 ut
1195 1667 1322 1732 hoc
1373 1666 1681 1731 iudicium
1734 1688 1866 1731 non
1922 1666 2000 1730 de
2053 1667 2318 1731 illorum

306 1758 573 1843 praeda,
635 1758 747 1822 sed
802 1757 879 1821 de
924 1756 1115 1821 huius
1162 1755 1483 1820 maleficio
1528 1754 1669 1819 fieri
1713 1754 2065 1837 videretur,
2119 1755 2319 1838 potis-⁶

309 1848 544 1911 simum
607 1846 733 1910 tibi
794 1848 1016 1932 partes
1070 1845 1234 1909 istas
1293 1844 1772 1927 depoposcisse,
1833 1846 1909 1906 ut
1960 1842 2030 1906 in
2084 1842 2319 1907 iudicio

306 1954 637 2000 versarere
676 1937 742 1998 et
777 1932 1032 1997 sederes
1070 1953 1217 1997 cum
1254 1930 1675 1996 accusatore?
1741 1929 1883 2005 Qua
1926 1930 1995 1993 in
2039 1951 2110 1994 re
2153 1930 2320 1994 nihil

310 2023 487 2088 aliud
515 2022 902 2106 adsequeris,
937 2021 1065 2085 nisi
1091 2024 1170 2085 ut
1195 2021 1278 2084 ab
1309 2020 1608 2084 omnibus
1637 2018 2024 2083 mortalibus
2052 2018 2321 2083 audacia
2347 2036 2405 2077 ιο

203 2117 270 2165 96
308 2114 424 2175 tua
487 2113 915 2196 cognoscatur
978 2113 1045 2172 et
1105 2106 1524 2190 impudentia.
1615 2106 1842 2171 Occiso
1862 2129 1876 2147 ·
1896 2104 2036 2170 Sex.
2081 2105 2319 2170 Roscio

310 2198 454 2282 quis
489 2198 740 2281 primus
768 2195 1103 2260 Ameriam
1138 2194 1445 2257 nuntiat?
1508 2193 1773 2258 Mallius
1803 2193 2093 2277 Glaucia,
2128 2214 2320 2277 quem

310 2285 442 2348 iam
497 2288 690 2347 antea
732 2283 1091 2364 nominavi,
1143 2285 1296 2345 tuus
1342 2281 1541 2345 cliens
1590 2286 1655 2346 et
1697 2281 2062 2346 familiaris.
2153 2280 2322 2357 Quid

311 2370 579 2435 attinuit
638 2391 784 2435 eum
838 2369 1251 2454 potissimum
1305 2369 1631 2453 nuntiare,
1695 2370 1892 2453 quod,
1955 2369 2011 2433 si
2065 2370 2321 2433 nullum

309 2459 440 2522 iam
479 2460 631 2521 ante
665 2456 1006 2522 consilium
1044 2456 1122 2521 de
1161 2460 1372 2521 morte
1419 2479 1494 2522 ac
1540 2457 1617 2522 de
1663 2457 1851 2521 bonis
1897 2456 2035 2522 eius
2079 2457 2320 2525 inieras
2349 2471 2406 2513 ’ὅ

309 2546 684 2630 nullamque
749 2544 1126 2610 societatem
1187 2566 1395 2628 neque
1457 2544 1720 2610 sceleris
1781 2566 1986 2628 neque
2049 2545 2323 2630 praemii

311 2656 456 2699 cum
495 2632 758 2698 homine
804 2634 940 2698 ullo
986 2633 1250 2715 coieras,
1298 2633 1381 2697 ad
1423 2635 1491 2697 te
1536 2632 1801 2697 minime
1848 2632 2137 2697 omnium
2181 2654 2324 2717 per·

309 2721 606 2786 tinebat?
633 2757 716 2768 —-
743 2718 875 2786 Sua
894 2725 1125 2805 sponte
1145 2720 1413 2785 Mallius
1431 2721 1706 2785 nuntiat.
1741 2756 1815 2766 —
1850 2718 2038 2802 Quid,
2063 2741 2324 2805 quaeso,

311 2811 446 2874 eius
500 2809 855 2874 intererat?
945 2807 1078 2891 An,
1138 2830 1285 2873 cum
1337 2809 1672 2873 Ameriam
1724 2829 1856 2872 non
1908 2808 2174 2873 huiusce
2227 2808 2325 2872 rei

309 2918 505 2962 causa
576 2896 886 2979 venisset,
964 2918 1119 2962 casu
1192 2896 1449 2979 accidit,
1521 2900 1596 2959 ut
1665 2895 1759 2977 id,
1832 2896 2004 2979 quod
2074 2895 2325 2961 Romae
2351 2910 2409 2951 ⁸⁰

310 2985 628 3067 audierat,
681 2985 932 3070 primus
975 2984 1351 3049 nuntiaret?
1382 3037 1385 3039 >
1434 2981 1632 3050 Cuius
1675 2983 1771 3047 rei
1817 3004 2012 3048 causa
2056 2987 2328 3049 venerat

309 3072 686 3138 Ameriam?
761 3070 936 3137 ‘Non
987 3071 1298 3157 possum',
1342 3071 1575 3154 inquit,
1620 3069 1974 3136 ‘divinare'
2047 3069 2146 3135 Eo
2184 3093 2326 3136 rem

310 3163 440 3226 iam
472 3160 802 3245 adducam,
835 3164 910 3225 ut
936 3160 1101 3224 nihil
1132 3158 1526 3224 divinatione
1557 3180 1719 3242 opus
1748 3159 1854 3223 sit.
1903 3158 2044 3234 Qua
2069 3159 2327 3225 ratione

313 3250 383 3314 Τ.
419 3248 656 3313 Roscio
705 3246 1008 3333 Capitoni
1052 3248 1335 3332 primum
1375 3246 1746 3312 nuntiavit?
1820 3245 1983 3311 Oum
2019 3245 2329 3311 Ameriae
2428 3263 2441 3268 ’

310 3333 450 3400 Sex.
478 3336 676 3402 Rosci
713 3336 959 3420 domus,
1002 3356 1165 3400 uxor
1200 3334 1517 3419 liberique
1562 3338 1799 3418 essent,
1841 3356 1989 3399 cum
2034 3339 2138 3399 tot
2180 3355 2330 3419 pro-
2358 3349 2416 3391 ³⁸

307 3422 538 3506 pinqui
599 3424 988 3510 cognatique
1051 3421 1299 3506 optime
1350 3422 1831 3504 convenientes,
1894 3443 2020 3506 qua
2072 3422 2331 3486 ratione

308 3510 558 3574 factum
611 3514 739 3595 est,
797 3515 874 3575 ut
915 3511 1050 3574 'iste
1103 3514 1257 3575 tuus
1303 3511 1530 3594 cliens,
1586 3510 1847 3575 sceleris
1897 3510 1997 3574 tui
2039 3510 2333 3591 nuntius,
