2566 4016
670 198 805 255 LIB.
842 199 922 254 III
984 199 1140 255 GAP.
1177 206 1389 256 92—94
1426 207 1458 267 5
1494 207 1793 258 2152-220.
2116 203 2247 269 359

229 345 426 412 istam
444 347 732 411 vestram
751 342 1187 410 defensionem
1209 344 1683 430 pertimescam,
1702 346 1814 410 sed
1832 367 1938 411 me
1955 347 2245 415 omnium

229 432 707 520 provinciarum
745 432 1147 498 defensorem
1186 454 1327 498 esse
1363 433 1738 518 profitebor.
1813 433 2077 500 Etenim
2121 435 2254 503 hoc

231 522 390 606 dico,
427 524 494 586 et
533 541 776 606 magna
811 542 966 587 voce
1002 521 1170 588 dico:
1215 520 1623 606 Ubicumque
1667 520 1793 587 hoc
1836 521 2082 588 factum
2130 528 2248 610 est,

176 609 807 764 gasaw&
843 608 2247 765 {5532‘1323321231005503212251013332052a?

227 785 583 873 prospicite
619 720 899 868 ’adimiffi
964 786 1119 871 quid
1171 784 1465 852 futurum
1519 786 1626 855 sit.
1721 747 1919 852 Nlulti
1972 749 2353 874 ma’gnas2¹8

228 875 535 960 pecunias
592 873 677 939 ab
730 873 955 938 invitis
1008 873 1385 940 civitatibus
1442 877 1639 958 atque
1693 874 1776 940 ab
1830 875 2055 940 invitis
2112 899 2249 943 ara-

227 963 483 1029 toribus
527 962 659 1027 ista
702 962 956 1027 ratione
1001 962 1204 1028 cellae
1248 962 1510 1035 nomine
1555 966 1907 1048 coegerunt
1953 961 2249 1049 (omnino

231 1071 352 1138 ego
406 1050 732 1116 neminem
785 1051 971 1116 video
1012 1054 1280 1136 praeter
1323 1051 1552 1134 istum,
1606 1050 1718 1116 sed
1765 1051 1846 1116 do
1891 1051 2017 1117 hoc
2059 1053 2248 1118 vobis

150 1156 203 1197 ιο
231 1143 299 1204 et
325 1138 622 1223 concedo,
659 1159 800 1204 esse
836 1136 1130 1224 multos),
1163 1138 1233 1202 in
1268 1138 1394 1205 hoc
1429 1138 1693 1204 homine
1729 1160 1868 1203 rem
1906 1139 2251 1206 adductam

228 1227 300 1293 in
334 1226 640 1292 iudicium
678 1226 928 1292 videtis.
996 1224 1166 1303 Quid
1200 1225 1416 1292 facere
1451 1227 1774 1311 potestis?
1820 1229 2059 1312 utrum,
2102 1250 2251 1293 cum

231 1314 377 1380 sitis
414 1314 654 1382 iudices
691 1314 770 1380 de
803 1314 1076 1400 pecunia
1117 1317 1311 1399 capta
1355 1314 1720 1396 conciliata,
1762 1318 2020 1381 tantam
2062 1337 2250 1401 pecu-

229 1403 409 1469 niam
463 1406 724 1489 captam
774 1403 1123 1491 neglegere
1174 1424 1282 1484 an,
1337 1425 1486 1468 cum
1531 1402 1637 1468 lex
1683 1403 2007 1468 sociorum
2054 1424 2252 1470 causa

172 1516 173 1523 ¹
230 1495 467 1578 rogata
493 1492 600 1576 sit,
621 1491 958 1571 ,sociorum
996 1491 1433 1576 querimonias
1468 1510 1602 1557 non
1637 1491 1902 1557 audire?
1966 1490 2213 1558 Verum
2252 1508 2352 1556 219

149 1596 204 1640 15
232 1579 357 1646 hoc
421 1602 675 1666 quoque
737 1580 927 1647 vobis
988 1579 1280 1664 remitt03
1353 1579 1685 1667 neglegite
1748 1580 2129 1666 praeterita,
2194 1581 2252 1646 si

230 1669 458 1753 voltis3
503 1669 616 1736 sed
649 1690 733 1734 ne
767 1670 1058 1754 reliquas
1095 1689 1244 1753 spes
1280 1667 1563 1734 turbetis
1605 1670 1801 1751 atque
1837 1690 2060 1733 omnes
2105 1691 2250 1754 pro·

229 1757 477 1823 vincias
513 1756 843 1840 evertatiS,
874 1758 942 1822 id
977 1757 1334 1843 providete,
1369 1777 1451 1821 ne
1488 1755 1821 1839 avaritiae,
1867 1777 2032 1839 quae
2069 1760 2251 1822 ante·

230 1845 358 1909 hac
394 1844 665 1909 occultis
701 1845 1044 1911 itineribus
1083 1849 1280 1929 atque
1317 1844 1616 1930 angustis
1651 1844 1751 1910 uti
1789 1843 2062 1926 solebat,
2109 1866 2252 1911 auc-

232 1931 505 1998 toritate
531 1934 752 1997 vestra
777 1933 951 1997 viam
980 1932 1393 2017 patefaciatis
1429 1933 1753 1998 illustrem
1793 1935 1990 2016 atque
2027 1931 2250 1999 latam.

149 2038 206 2080 2⁰
230 2020 404 2088 Nam
441 2021 500 2086 si
533 2020 659 2086 hoc
694 2020 988 2104 probatis
1027 2024 1094 2085 et
1130 2021 1189 2085 si
1227 2021 1422 2087 licere
1465 2020 1772 2105 pecunias
1815 2020 1946 2085 isto
1990 2022 2251 2087 nomine

231 2111 377 2195 capi
430 2108 760 2191 iudicatis,
814 2112 987 2174 certe
1040 2108 1190 2193 hoc,
1246 2108 1419 2191 quod
1473 2108 1681 2176 adhuc
1729 2130 1919 2175 nemo
1965 2109 2094 2175 nisi
2136 2110 2253 2177 im-

232 2198 662 2285 probissimus
698 2196 875 2281 fecit,
916 2196 1195 2281 posthac
1236 2217 1430 2262 nemo
1473 2196 1603 2261 nisi
1648 2197 2075 2264 stultissimus
2120 2220 2248 2266 non

231 2286 444 2352 faciet.
515 2284 808 2370 Improbi
835 2289 1006 2369 sunt,
1043 2285 1155 2370 qui
1182 2284 1488 2370 pecunias
1517 2289 1745 2352 contra
1777 2286 1955 2372 leges
1992 2291 2253 2373 cogunt,

234 2375 450 2459 stulti,
496 2373 635 2459 qui,
679 2374 852 2458 quod
887 2374 1081 2439 licere
1124 2373 1480 2441 iudicatum
1526 2378 1653 2458 est,
1699 2376 2248 2459 praetermittunt.

151 2481 207 2524 25
230 2463 498 2548 Deinde,
525 2462 786 2546 iudices»,
824 2462 1055 2547 videte,
1093 2484 1289 2547 quam
1317 2462 1642 2528 infinitam
1669 2462 1816 2528 istis
1844 2463 2216 2531 hominibus
2254 2487 2360 2536 220

231 2553 577 2636 licentiam
621 2551 1039 2638 pecuniarum
1104 2551 1579 2636 eripiendarum
1642 2550 1857 2617 daturi
1910 2553 2076 2619 sitis.
2166 2552 2255 2635 Si,

232 2641 530 2707 denarios
566 2644 789 2706 ternos
827 2642 938 2724 qui
975 2640 1283 2725 coegerit,
1319 2639 1462 2705 erit'
1481 2639 1841 2723 absolutus,
1886 2645 2253 2723 quaternos,

234 2728 494 2810 quinos,
544 2728 741 2793 denos
786 2728 1058 2812 denique
1106 2732 1220 2793 aut
1264 2729 1525 2798 vicenos
1571 2729 1762 2811 coget
1807 2726 1995 2794 aliuS.
2074 2727 2252 2802 Quae

235 2814 360 2879 erit
403 2814 860 2898 reprehensio?
905 2817 975 2879 in
1020 2836 1148 2899 quo
1194 2815 1478 2899 primum
1523 2814 1797 2880 iniuriae
1843 2815 2051 2900 gradu
2095 2815 2253 2880 resi-

148 2922 206 2963 so
234 2906 406 2969 stere
464 2901 729 2985 incipiet
785 2903 1096 2968 severitas
1150 2902 1427 2968 iudicis?
1499 2905 1736 2985 quotus
1792 2902 1918 2967 erit
1969 2903 2097 2968 iste
2152 2902 2254 2968 de·

231 2992 475 3073 narius,
520 2989 633 3073 qui
665 3010 798 3054 non
834 2989 923 3055 sit
955 2989 1277 3073 ferendus,
1323 2992 1390 3054 et
1424 2989 1495 3054 in
1542 3011 1669 3073 quo
1715 2990 1999 3075 primum
2043 2993 2254 3057 aestu-

233 3078 542 3147 mationis
605 3077 918 3161 iniquitas
980 3080 1178 3161 atque
1239 3077 1631 3162 improbitas
1701 3076 2252 3161 reprehendatur?

232 3166 388 3235 Non
441 3166 613 3234 enim
668 3189 710 3232 a
761 3166 949 3230 vobis
1004 3185 1287 3247 summa,
1350 3164 1462 3231 sed
1516 3185 1717 3250 genus
1779 3166 2253 3233 aestimationis

234 3256 361 3323 erit
405 3257 905 3341 conprobatum,
945 3274 1156 3339 neque
1198 3253 1326 3319 hoc
1369 3254 1648 3338 potestis
1693 3252 2003 3339 iudicare,
2048 3255 2253 3321 ternis

150 3362 208 3404 ³⁵
237 3345 516 3411 denariis
560 3344 904 3410 aestimare
949 3342 1161 3427 licere,
1206 3341 1387 3408 denis
1432 3364 1567 3408 non
1610 3341 1822 3408 licere.
1902 3341 2037 3410 Ubi
2081 3344 2254 3410 enim

237 3434 437 3499 semel
492 3434 574 3499 ab
632 3452 924 3498 annonae
979 3431 1233 3497 ratione
1289 3434 1355 3496 et
1405 3431 1488 3497 ab
1536 3435 1869 3498 aratorum
1913 3433 2253 3498 voluntate

236 3542 340 3585 res
387 3520 470 3586 ad
514 3520 833 3605 praetoris
879 3519 1217 3587 libidinem
1260 3521 1588 3587 translata
1632 3523 1752 3606 est,
1796 3543 1929 3588 non
1974 3525 2076 3587 est
2118 3521 2253 3588 iam
