2566 4016
321 168 455 233 204
923 167 1003 222 IN
1041 167 1098 221 C.
1128 165 1438 221 VERREM
1473 166 1628 221 ACT.
1667 167 1736 221 Π.

324 312 676 377 maximam
711 309 1050 376 Messanae
1089 331 1230 375 esse
1270 310 1530 394 publice
1577 309 1819 376 coactis
1867 309 2082 394 operis
2130 311 2342 376 aedifi-

322 403 564 483 catam3
599 400 897 483 idemque
933 398 1473 464 Mamertinorum
1515 399 1773 483 legatus
1810 397 2002 462 istius
2039 397 2343 465 laudator

321 509 455 552 non
500 488 713 553 solum
758 487 959 553 istum
1003 488 1177 552 bona
1223 508 1369 571 sua,
1413 507 1640 551 verum
1685 486 1883 551 etiam
1932 506 2118 550 sacra
2165 487 2342 552 deos-

326 597 450 660 que
521 579 790 660 penates
816 663 829 677 ·
853 597 896 640 a
959 575 1315 640 maioribus
1389 573 1667 675 traditos
1734 595 1810 638 ex
1874 573 2141 638 aedibus
2207 576 2338 640 suis

323 663 944 837 ssffitssgffi„
980 661 2340 852 ξὶῗῧξὶἶέἓζὲἓέἷὲἒῷἒωωᾱῗέἓὲἒῃᾶἓ
2363 683 2391 724 ⁵

325 844 521 940 atque
574 838 953 923 repetendo!
1044 838 1261 922 Atque
1318 859 1395 903 ea
1447 838 1594 922 ipsa
1637 838 1868 903 civitas
1914 860 2044 922 qua
2088 839 2340 904 ratione

324 927 438 991 isti
503 927 711 992 amica
771 927 884 1011 sit,
946 927 1197 991 dicetur
1249 929 1429 991 certo
1484 926 1645 991 loco.
1735 926 2096 1009 Reperietis
2152 927 2341 1012 enim,

328 1036 492 1099 quae
529 1036 759 1080 causae
795 1013 1273 1079 benivolentiae
1309 1012 1716 1078 Mamertinis
1755 1034 1914 1099 erga
1947 1014 2148 1079 istum
2189 1016 2341 1099 sint,

328 1125 438 1168 eas
492 1102 670 1186 ipsas
719 1123 953 1167 causas
1005 1102 1167 1167 satis
1211 1102 1421 1166 iustas
1468 1123 1610 1166 esse
1657 1102 2107 1166 damnationis.
2186 1101 2343 1168 Alia
2371 1124 2425 1164 ιο

223 1203 291 1251 14
328 1191 559 1256 civitas
621 1191 833 1274 nulla,
895 1190 1164 1291 iudices,
1226 1190 1489 1274 publico
1554 1189 1825 1254 consilio
1882 1190 2124 1254 laudat.
2219 1189 2342 1255 Vis

326 1280 446 1344 illa
486 1279 722 1343 summi
756 1278 1015 1362 imperii
1051 1281 1309 1342 tantum
1354 1278 1572 1361 potuit
1618 1277 1789 1361 apud
1831 1299 2187 1362 perpaucos
2232 1278 2341 1343 ho-
2404 1304 2409 1307 ·

328 1367 563 1449 mineS,
630 1387 767 1431 non
837 1366 1161 1450 civitates,
1231 1369 1310 1430 ut
1380 1369 1495 1429 aut
1566 1365 1879 1430 levissimi
1943 1365 2209 1449 quidam
2264 1389 2343 1430 ex

329 1454 711 1518 miserrimis
764 1453 1354 1537 desertissimisque
1408 1453 1664 1537 oppidis
1707 1452 2178 1538 invenirentur,
2232 1454 2343 1538 qui

327 1541 579 1605 iniussu
619 1541 846 1626 populi
893 1563 968 1606 ac
1012 1545 1277 1605 senatus
1322 1542 1910 1626 proficiscerentur,
1955 1546 2069 1606 aut
2113 1542 2188 1626 ii,
2233 1542 2345 1626 qui
2373 1563 2428 1603 15

331 1632 560 1694 contra
585 1629 788 1693 istum
814 1629 1022 1714 legati
1055 1629 1294 1694 decreti
1330 1632 1517 1694 erant
1554 1633 1619 1693 et
1654 1629 2102 1694 testimonium
2138 1630 2344 1714 publi—

331 1738 477 1782 cum
513 1715 947 1801 mandataque
986 1721 1392 1818 acceperant,
1434 1716 1503 1781 vi
1548 1739 1624 1782 ac
1669 1721 1849 1782 metu
1893 1718 2345 1782 retinerentur.

329 1804 517 1881 Quod
571 1825 694 1891 ego
746 1806 818 1868 in
870 1805 1093 1889 paucis
1148 1808 1373 1870 tamen
1425 1824 1548 1869 usu
1594 1805 1850 1870 venisse
1893 1826 2026 1870 non
2070 1807 2346 1872 moleste

329 1893 482 1977 tuli,
536 1915 664 1977 quo
717 1893 1007 1976 reliquae
1061 1896 1164 1958 tot
1219 1896 1286 1957 et
1337 1896 1565 1958 tantae
1617 1897 1685 1957 et
1732 1898 1871 1958 tam
1915 1913 2150 1979 graves
2195 1894 2347 1959 civi·

333 1985 503 2047 tates
512 2033 531 2067 ,
580 1985 726 2047 tota
772 1982 1045 2066 denique
1092 1979 1315 2047 Sicilia
1357 1981 1507 2067 plus
1553 1981 1961 2047 auctoritatis
2009 1981 2179 2067 apud
2223 2003 2347 2047 vos
2378 2003 2433 2044 ιο

330 2071 623 2153 haberet,
658 2092 805 2135 cum
840 2069 1148 2135 videretis
1185 2070 1371 2135 nulla
1404 2069 1473 2134 vi
1508 2070 1793 2153 retineri,
1836 2071 2020 2135 nulla
2053 2069 2349 2155 periculo

331 2157 666 2243 prohiberi
726 2158 1045 2257 potuisse,
1061 2244 1074 2257 ·
1113 2179 1242 2240 quo
1308 2157 1521 2222 minus
1585 2158 2054 2259 experirentur,
2116 2159 2352 2242 ecquid

230 2344 295 2394 π,
334 2245 2352 2416 zssssfmxsssmzssznssssfflmfaffizffizssssitsssszsszffssff„2350

331 2423 623 2484 vestrum
660 2419 955 2503 audierit,
998 2420 1200 2483 istum
1237 2442 1276 2485 a
1313 2418 1736 2503 Syracusanis
1773 2423 2032 2505 publice
2077 2423 2351 2507 laudari,
2379 2442 2432 2483 25

331 2507 400 2570 id
434 2506 702 2571 tametsi
736 2506 952 2592 priore
988 2506 1244 2573 actione
1291 2530 1368 2572 ex
1408 2509 1696 2574 Heraclii
1732 2507 2122 2593 Syracusani
2165 2510 2352 2575 testi

330 2594 552 2660 monio
590 2595 769 2659 cuius
815 2595 992 2659 modi
1037 2599 1208 2660 esset
1253 2597 1673 2682 cognovistis,
1716 2601 1937 2662 tamen
1980 2598 2167 2664 vobis
2215 2599 2352 2664 alio

331 2684 504 2766 loco,
557 2686 633 2747 ut
687 2703 756 2747 se
810 2686 955 2747 tota
1006 2704 1112 2748 res
1155 2683 1399 2748 habeat
1406 2734 1425 2767 ,
1479 2684 1651 2768 quod
1697 2684 1780 2749 ad
1825 2706 1968 2751 eam
2014 2686 2352 2751 civitatem

331 2772 630 2855 attineat,
675 2771 1243 2837 demonstrabitur.
1323 2771 1733 2858 Intellegetis
1773 2774 1944 2837 enim
1989 2775 2188 2839 nullis
2234 2774 2354 2839 ho·

332 2859 615 2924 minibus
674 2881 1064 2943 quemquam
1109 2863 1297 2924 tanto
1346 2859 1493 2925 odio
1541 2864 1784 2944 quanto
1829 2862 2031 2927 istum
2077 2860 2354 2946 Syracu·
2383 2881 2435 2922 so

332 2948 508 3013 sanis
555 2951 622 3011 et
666 2968 807 3012 esse
838 2951 920 3011 et
962 2946 1180 3012 fuisse.

250 3031 293 3095 6
463 3034 558 3099 At
602 3036 774 3100 enim
816 3035 1020 3099 istum
1056 3032 1258 3099 Siculi
1305 3034 1432 3099 soli
1474 3042 1967 3121 persequuntur,
2011 3038 2183 3102 cives
2222 3037 2358 3103 Ro·

330 3123 533 3206 mani,
588 3124 701 3207 qui
743 3123 814 3187 in
859 3119 1080 3187 Sicilia
1123 3122 1574 3208 negotiantur,
1625 3123 2002 3209 defendunt,
2047 3126 2359 3211 diligunt,

330 3212 583 3276 salvum
642 3231 784 3275 esse
837 3210 1124 3294 cupiunt.
1222 3210 1541 3294 Primum,
1605 3212 1663 3276 si
1714 3212 1812 3277 ita
1866 3218 2065 3296 esset,
2128 3217 2360 3278 tamen

327 3319 446 3361 vos
510 3298 579 3361 in
630 3298 754 3363 hac
809 3298 1188 3381 quaestione
1243 3298 1320 3362 de
1374 3299 1661 3382 pecuniis
1717 3301 2092 3385 repetundis
2102 3351 2121 3384 ,
2186 3323 2360 3385 quae
2389 3319 2445 3360 ³⁵

330 3384 650 3448 sociorum
706 3406 901 3449 causa
954 3386 1313 3451 constituta
1360 3390 1461 3451 est
1504 3387 1649 3473 lege
1694 3388 2058 3473 iudicioque
2106 3391 2362 3473 sociali,

226 3480 293 3529 ιο
331 3469 653 3534 sociorum
682 3473 1119 3555 querimonias
1149 3474 1370 3538 audire
1400 3480 1748 3559 oporteret.
1805 3473 1931 3542 Sed
1966 3478 2367 3563 intellegere
