2566 4016
204 1798 272 1922 ὦ

205 2988 270 3038 11

308 195 445 260 274
674 147 679 151 ⁸
914 193 993 246 IN
1034 192 1090 247 C.
1121 192 1431 248 VERREM
1466 191 1731 248 AGT.11.

309 360 502 422 saepe
546 300 979 423 frugalissimi
1021 337 1344 420 homines,
1391 336 1832 402 excluduntur.
1910 333 2013 398 Ex
2061 355 2187 417 quo
2234 333 2329 397 in-

307 426 539 526 tellegi
579 429 799 510 potest
845 446 954 490 eos
1001 426 1186 490 vobis
1232 446 1374 489 esse
1419 423 1817 505 carissimos,
1862 422 1973 506 qui
2016 421 2114 486 ita
2158 422 2329 486 vixe-

307 514 467 597 rint,
521 518 596 578 ut
653 514 790 578 sine
840 516 1060 578 vestro
1106 512 1431 597 praesidio
1478 511 1646 576 salvi
1691 533 1831 576 esse
1875 532 2009 575 non
2052 510 2329 593 possint.

308 565 519 677 Quid?
554 602 680 666 hoc
707 601 1006 685 cuiquam
1034 600 1369 666 ferendum
1395 604 1587 685 putas
1627 621 1785 682 esse,
1819 620 1941 664 nos
1975 598 2073 662 ita
2110 597 2328 662 vivere

306 690 376 754 in
430 689 703 775 pecunia
747 689 953 771 tenui,
1008 693 1083 753 ut
1127 710 1396 773 prorsus
1441 688 1607 752 nihil
1656 687 1985 772 acquirere
2031 685 2328 769 velimus,
2352 702 2381 743 ⁵

306 783 382 842 ut
446 778 835 863 dignitatem
898 780 1195 842 nostram
1258 777 1611 860 populique
1675 775 1954 840 Romani
2016 773 2329 838 beneficia

306 887 440 930 non
476 865 696 948 copiis,
743 864 856 929 sed
891 865 1134 929 virtute
1176 868 1494 945 tueamur,
1538 864 1740 928 istum
1786 863 1979 928 rebus
2026 862 2327 927 omnibus

307 952 589 1035 undique
636 952 875 1035 ereptis
921 952 1183 1037 impune
1231 952 1598 1017 eludentem
1645 951 2084 1017 circumfluere
2131 953 2328 1050 atque

309 1040 680 1105 abundare?
727 1040 919 1105 huius
958 1043 1232 1126 argento
1277 1039 1563 1113 dominia
1599 1043 1837 1123 vestra,
1882 1038 2074 1103 huius
2122 1038 2327 1122 signis

309 1132 376 1193 et
411 1128 655 1194 tabulis
695 1128 912 1194 forum
959 1128 1422 1212 comitiumque
1468 1127 1704 1211 ornari,
1747 1126 2134 1210 praesertim
2181 1148 2326 1190 cum
2358 1143 2414 1182 ιο

307 1237 425 1281 vos
453 1220 672 1283 vestro
702 1216 914 1281 Marte
941 1216 1268 1282 hisrebus
1299 1216 1599 1281 omnibus
1627 1215 2015 1280 abundetis?
2052 1213 2328 1278 Verrem

310 1326 470 1389 esse,
519 1306 631 1388 qui
668 1309 921 1373 vestras
960 1305 1153 1370 villas
1192 1306 1326 1369 suis
1372 1303 1696 1370 manubiis
1743 1302 1973 1368 ornet‘?
2053 1300 2328 1366 Verrem

309 1414 467 1475 esse,
495 1393 607 1475 qui
635 1414 780 1457 cum
807 1392 878 1457 L.
892 1392 1206 1457 Mummio
1235 1396 1461 1476 certet,
1496 1396 1571 1456 ut
1605 1393 1820 1477 plures
1856 1390 1964 1456 hic
2001 1390 2329 1455 sociorum

307 1479 501 1543 urbes
539 1501 735 1563 quam
770 1479 885 1543 ille
921 1480 1208 1545 hostium
1247 1480 1564 1562 spoliasse
1602 1479 1914 1561 videatur,
1958 1479 2178 1562 plures
2219 1477 2328 1542 hic

306 1567 499 1631 villas
522 1567 920 1631 ornamentis
937 1568 1239 1632 fanorum
1258 1589 1452 1652 quam
1471 1568 1585 1632 ille
1604 1566 1759 1632 fana
1778 1566 2004 1649 spoliis
2033 1565 2326 1631 hostium
2358 1582 2411 1623 ιε»

309 1655 617 1719 ornasse?
665 1658 730 1719 et
765 1655 823 1720 is
861 1655 986 1719 erit
1023 1657 1107 1721 ob
1144 1678 1290 1720 eam
1325 1677 1463 1720 rem
1501 1656 1686 1720 vobis
1733 1654 1961 1739 carior,
2005 1658 2080 1718 ut
2129 1654 2328 1719 ceteri

307 1743 617 1807 libentius
675 1764 792 1808 suo
845 1743 1132 1828 periculo
1185 1743 1423 1809 vestris
1479 1742 1942 1828 cupiditatibus
1995 1741 2327 1807 serviant?

439 1828 687 1896 Verum
741 1831 900 1898 haec
956 1836 1022 1897 et
1077 1832 1370 1897 dicentur
1424 1832 1555 1896 alio
1614 1832 1758 1897 loco
1815 1833 1881 1894 et
1938 1830 2110 1899 dicta
2156 1833 2327 1914 sunt,

307 1940 478 1984 nunc
514 1919 996 2003 proficiscemur
1032 1920 1112 1985 ad
1149 1919 1419 2005 reliqua,
1465 1920 1522 1985 si
1562 1941 1769 2004 pauca
1816 1922 1966 1984 ante
2010 1917 2325 1982 fuerimus

310 2030 350 2073 a
393 2008 609 2093 vobis,
661 2008 930 2093 iudices,
985 2008 1328 2094 deprecati.
1416 2005 1759 2093 Superiore
1806 2006 1983 2072 omni
2029 2005 2325 2071 oratione
2356 2024 2412 2066 20

308 2100 715 2180 perattentos
769 2101 1023 2163 vestros
1081 2097 1332 2162 animos
1386 2096 1752 2161 habuimus.
1841 2095 1918 2159 Id
1961 2094 2088 2159 fuit
2131 2095 2326 2160 nobis

310 2187 577 2268 gratum
620 2184 992 2267 admodum3
1047 2185 1160 2249 sed
1205 2185 1416 2249 multo
1464 2185 1587 2249 erit
1635 2183 1914 2269 gratius,
1969 2183 2027 2248 si
2072 2183 2326 2267 reliqua

308 2271 543 2335 voletis
583 2270 934 2354 attendere,
974 2275 1323 2355 propterea
1361 2272 1586 2355 quod
1568 2294 1639 2337 ιιι
1672 2272 1755 2336 iis
1794 2270 2112 2354 omnibus,
2161 2293 2327 2354 quae

311 2361 506 2422 antea
561 2357 734 2422 dicta
788 2362 969 2440 sunt,
1023 2363 1165 2424 erat
1209 2358 1526 2443 quaedam
1574 2382 1651 2424 ex
1696 2360 1841 2445 ipsa
1884 2359 2204 2424 varietate
2252 2381 2329 2424 ac

306 2444 602 2510 novitate
644 2466 861 2510 rerum
907 2449 973 2511 et
1018 2447 1362 2512 criminum
1410 2447 1782 2531 delectati03
1825 2468 1994 2512 nunc
2038 2450 2328 2512 tractare
2357 2464 2411 2504 2⁵

309 2553 571 2597 causam
624 2532 1027 2599 instituimus
1079 2534 1604 2620 frumentariam,
1659 2557 1822 2619 quae
1879 2534 2328 2621 magnitudine

307 2620 579 2686 iniuriae
645 2624 712 2685 et
762 2643 834 2686 re
888 2623 1265 2689 criminibus
1321 2624 1551 2689 ceteris
1608 2624 1980 2707 antecellet,
2041 2623 2329 2688 iucundi-

308 2709 467 2774 tatis
522 2709 593 2774 in
647 2710 897 2795 agendo
954 2715 1020 2776 et
1063 2712 1403 2777 varietatis
1450 2712 1662 2776 minus
1709 2711 1994 2776 habebit.
2084 2709 2329 2776 Vestra

311 2801 530 2863 autem
555 2798 946 2864 auctoritate
970 2803 1036 2864 et
1062 2799 1409 2883 prudentia
1437 2799 1890 2884 dignissimum
1919 2802 2036 2884 est,
2064 2798 2329 2883 iudices,

307 2886 376 2951 in
441 2885 738 2951 audiendi
803 2887 1144 2974 diligentia
1204 2909 1337 2953 non
1400 2887 1612 2952 minus
1679 2887 1983 2973 religioni
2036 2887 2327 2952 tribuere
2358 2904 2416 2945 ³0

313 2996 508 3059 quam
536 2975 879 3059 voluptati.
943 2974 1022 3040 In
1047 2975 1173 3041 hac
1200 2997 1397 3040 causa
1421 2975 1851 3040 frumentaria
1879 2974 2331 3061 cognoscenda

308 3063 470 3148 haec
514 3063 700 3128 vobis
746 3064 1121 3149 proponite,
1174 3063 1446 3146 iudices,
1491 3085 1609 3129 vos
1657 3063 1734 3128 de
1781 3064 1971 3129 rebus
2017 3063 2330 3129 fortunis·

310 3174 433 3235 que
480 3149 844 3216 Siculorum
892 3152 1255 3233 [omnium],
1301 3151 1378 3215 de
1424 3151 1659 3216 civium
1704 3151 2166 3235 Romanorum,
2213 3153 2330 3236 qui

310 3244 500 3304 arant
552 3240 622 3303 in
675 3238 924 3322 Sicilia,
983 3240 1200 3323 bonis,
1256 3239 1334 3303 de
1387 3239 1818 3325 vectigalibus
1875 3263 1914 3303 a
1968 3239 2330 3304 maioribus

308 3327 568 3391 traditis
578 3377 596 3409 ,
652 3329 729 3393 de
784 3329 960 3393 victu
1014 3328 1279 3411 vitaque
1332 3328 1560 3411 populi
1601 3327 1883 3393 Romani
1928 3328 2331 3413 cognituros.
2360 3343 2416 3387 σε

312 3413 488 3487 Quae
525 3414 582 3475 si
628 3437 867 3502 magna
913 3420 1107 3499 atque
1154 3415 1313 3479 adeo
1359 3416 1641 3481 maxima
1686 3416 1872 3481 vobis
1916 3416 2333 3501 videbuntur,

314 3520 507 3581 quam
535 3502 710 3565 varie
747 3507 811 3566 et
850 3525 1044 3586 quam
1082 3503 1342 3588 copiose
1377 3503 1692 3589 dicantur,
1730 3508 2067 3590 expectare
2101 3504 2333 3571 nolite.
