2566 4016
635 243 770 300 ΜΒ.
806 244 884 299 1V
947 243 1103 298 CAP.
1143 250 1353 301 64—66
1390 250 1421 311 ς
1462 250 1756 301 143—148.
2076 245 2209 311 425

192 389 369 454 facta
435 390 633 472 esset,
698 386 810 451 sed
874 387 1072 453 etiam
1134 387 1570 473 perscriptum
1635 391 1828 471 atque
1890 389 1961 453 in
2022 389 2207 454 tabu-

195 479 294 542 las
358 476 663 560 relatum,
724 479 989 560 praetor-
1041 474 1431 560 appellatur.
1521 474 1614 539 At
1672 474 1814 559 quis
1871 477 2206 561 appellat?

195 564 622 650 magistratus
660 563 907 646 aliqui?
969 561 1035 628 N
1036 584 1198 629 em0.
1282 561 1606 629 Senator?
1677 561 1780 628 Ne
1816 563 1883 628 id
1931 563 2207 648 quidem.

195 651 749 737 Syracusanorum
777 650 1022 735 aliqui?
1066 650 1352 716 Minime.
1420 649 1579 726 Quis
1606 651 1811 737 igitur
1837 654 2205 736 praetorem

140 758 166 799 5
196 741 531 825 appellat?
631 738 756 814 Qui
819 743 1124 822 quaestor
1187 739 1380 805 istius
1430 739 1674 824 fuerat,
1736 738 1805 803 P.
1854 738 2207 805 Caesetius,

196 827 251 893 Ο
297 850 436 894 rem
481 828 845 894 ridiculam!
912 849 949 893 o
998 827 1325 893 desertum
1370 827 1729 911 hominem,
1774 827 2206 912 desperatum,

194 917 522 982 relictum!
595 915 656 980 A
694 915 1087 1000 magistratu
1123 914 1362 1000 SicuIO,
1405 937 1487 980 ne
1526 919 1789 981 senatus
1836 915 2207 983 consultum

195 1003 396 1071 Siculi
430 1004 725 1069 homines
761 1002 973 1070 facere
1009 1007 1297 1088 possent,
1340 1025 1423 1069 ne
1460 1026 1650 1069 suum
1685 1004 1785 1068 ius
1833 1004 1968 1069 suis
2012 1004 2208 1069 mori-

193 1094 335 1177 bus,
382 1092 517 1156 suis
559 1091 814 1175 legibus
863 1091 1155 1157 obtinere
1200 1096 1488 1175 possent,
1530 1113 1663 1157 non
1708 1091 1952 1156 amicus
1997 1092 2208 1176 istius,

105 1198 168 1244 ⁴10
194 1201 329 1245 non
361 1179 620 1262 hospes,
662 1199 796 1243 non
833 1178 1104 1262 denique
1147 1179 1383 1263 aliquis
1422 1177 1696 1262 Siculus,
1743 1179 1856 1243 sed
1902 1184 2208 1263 quaestor

194 1266 424 1352 populi
475 1266 757 1330 Romani
813 1270 1182 1350 praetorem
1237 1267 1555 1351 appellat!
1647 1266 1803 1342 Quis
1858 1267 1982 1331 hoc
2026 1267 2211 1351 vidit,

198 1355 342 1439 quis
382 1353 673 1419 audivit?
745 1352 1018 1419 Praetor
1055 1373 1300 1438 aequus
1338 1359 1405 1419 et
1442 1354 1700 1440 sapiens
1742 1354 1983 1419 dimitti
2027 1354 2209 1420 iubet

198 1446 513 1508 senatum.
566 1439 909 1507 Concurrit
937 1441 1020 1507 ad
1046 1463 1151 1507 me
1179 1442 1462 1508 maxima
1489 1443 1859 1508 multitudo.
1916 1441 2209 1509 Primum

198 1534 529 1597 senatores
601 1530 882 1613 clamare
954 1529 1081 1594 sibi
1153 1530 1317 1615 eripi
1387 1531 1516 1616 ius,
1588 1531 1751 1616 eripi
1814 1531 2210 1615 libertatem,

112 1636 167 1679 ιε
196 1620 473 1704 populus
510 1621 809 1684 senatum
846 1618 1129 1702 laudare,
1172 1619 1422 1703 gratias
1461 1639 1673 1705 agere,
1718 1618 1888 1684 cives
1927 1618 2210 1685 Romani

197 1729 238 1772 a
265 1729 368 1772 me
393 1729 716 1791 nusquam
743 1706 1084 1772 discedere.
1150 1705 1291 1782 Quo
1322 1707 1583 1791 quidem
1610 1706 1713 1771 die
1746 1707 1913 1772 nihil
1952 1708 2208 1791 aegrius

195 1794 442 1860 factum
507 1799 609 1858 est
669 1794 876 1860 multo
943 1794 1168 1859 labore
1222 1815 1396 1878 me0,
1459 1815 1657 1877 quam
1708 1798 1785 1858 ut
1837 1814 2067 1858 manus
2125 1794 2208 1858 ab

197 1882 316 1946 illo
363 1881 767 1965 appellatore
813 1882 1317 1945 abstinerentur.

332 1967 497 2035 Cum
555 1968 639 2034 ad
693 1971 1061 2054 praetorem
1113 1968 1184 2031 in
1236 1969 1339 2032 ius
1396 1967 1752 2033 adissemus
1762 2018 1780 2051 ,
1846 1968 2173 2053 excogitat
2213 1981 2312 2032 147

114 2076 170 2117 20
200 2079 354 2124 sane
407 2060 620 2141 acute,
674 2056 829 2140 quid
874 2056 1191 2121 decernat.
1279 2054 1454 2120 Nam
1501 2060 1652 2120 ante
1701 2077 1895 2140 quam
1941 2057 2211 2122 verbum

195 2146 495 2228 facerem,
540 2145 618 2209 de
657 2144 821 2208 sella
856 2143 1138 2208 surrexit
1177 2146 1373 2227 atque
1420 2143 1599 2208 abiit.
1669 2143 1899 2228 Itaque
1944 2147 2085 2208 tum
2132 2145 2210 2212 de

199 2233 360 2317 foro,
403 2254 547 2297 cum
582 2232 715 2297 iam
752 2231 1332 2317 advesperasceret,
1378 2231 1806 2297 discessimus.
1885 2231 2209 2297 Postridie
2229 2230 2315 2295 66

201 2342 390 2385 mane
444 2321 527 2385 ab
583 2341 658 2385 eo
713 2320 1004 2403 postulo,
1058 2323 1132 2384 ut
1188 2318 1610 2403 Syracusanis
1666 2320 1892 2385 liceret
1947 2324 2210 2386 senatus

200 2408 592 2492 consultum,
650 2407 820 2493 quod
868 2407 1076 2492 pridie
1120 2405 1452 2491 fecissent,
1507 2408 1670 2473 mihi
1714 2408 1995 2473 reddere.
2086 2407 2210 2474 Ille

116 2515 171 2557 25
201 2497 373 2561 enim
427 2518 579 2562 vero
633 2500 835 2582 negat
889 2501 956 2561 et
1001 2496 1097 2560 ait
1137 2496 1478 2582 indignum
1521 2496 1773 2563 facinus
1820 2518 1985 2581 esse,
2040 2497 2213 2582 quod

201 2606 322 2671 ego
377 2586 446 2650 in
499 2588 729 2650 senatu
783 2583 1028 2650 Graeco
1081 2583 1282 2649 verba
1334 2584 1662 2668 fecissem3
1725 2584 1898 2668 quod
1952 2585 2210 2669 quidem

202 2672 373 2756 apud
424 2672 708 2739 Graecos
764 2671 1004 2737 Graece
1069 2672 1324 2738 locutus
1391 2693 1628 2757 essem,
1688 2672 1757 2736 id
1818 2672 1976 2738 ferri
2028 2673 2210 2737 nullo

200 2758 392 2825 modo
447 2781 655 2843 posse.
746 2759 1077 2845 Respondi
1130 2760 1408 2844 homini,
1472 2764 1547 2824 ut
1599 2759 1810 2844 potui,
1873 2763 1949 2824 ut
2003 2758 2212 2842 debui,

201 2849 275 2910 ut
337 2846 531 2910 volui.
620 2844 786 2911 Cum
847 2846 1083 2929 multa,
1144 2850 1287 2912 tum
1351 2847 1550 2911 etiam
1612 2846 1736 2912 hoc
1794 2867 1889 2911 me
1946 2847 2213 2911 memini

117 2953 173 2995 ³0
203 2934 439 3017 dicere,
500 2932 693 2998 facile
748 2954 889 2999 esse
940 2934 1382 3018 perspicuum,
1445 2937 1760 3018 quantum
1815 2934 1987 2998 inter
2040 2934 2214 3000 hunc

203 3026 267 3087 et
311 3022 501 3086 illum
545 3019 988 3104 Numidicum,
1040 3042 1267 3086 verum
1315 3026 1382 3086 et
1430 3041 1810 3106 germanum
1855 3020 2213 3107 Metellum,

200 3111 570 3193 interesset3
632 3108 822 3173 illum
883 3107 1170 3173 noluisse
1235 3130 1354 3173 sua
1417 3108 1791 3174 laudatione
1853 3108 2077 3174 iuvare
2141 3109 2212 3174 L.

198 3198 569 3282 Lucullum,
618 3196 859 3263 sororis
907 3196 1144 3280 virum,
1191 3196 1449 3280 quicum
1497 3197 1741 3281 optime
1787 3197 2213 3279 convenisset,

200 3286 369 3352 hunc
405 3285 656 3352 homini
693 3284 1091 3350 alienissimo
1138 3305 1178 3349 a
1222 3284 1598 3349 civitatibus
1646 3285 2052 3351 laudationes
2097 3306 2213 3370 per

111 3393 170 3436 ³⁵
199 3375 334 3439 vim
365 3379 432 3439 et
458 3378 705 3439 metum
732 3394 1126 3457 comparare.
1194 3370 1380 3449 Quod
1408 3373 1521 3437 ubi
1548 3373 1860 3457 intellexi,
1897 3373 2177 3439 multum
2217 3384 2318 3435 148

200 3462 370 3547 apud
432 3462 621 3529 illum
685 3462 962 3529 recentis
1026 3461 1320 3544 nuntios,
1392 3460 1674 3527 multum
1736 3460 2016 3526 tabellas
2080 3483 2214 3527 non

199 3550 790 3635 commendaticias,
865 3549 977 3615 sed
1044 3549 1429 3615 tributarias
1493 3550 1804 3635 valuisse,
1879 3549 2214 3615 admonitu
