2566 4016
309 250 439 315 100
799 246 879 300 IN
916 246 978 311 Q.
1008 243 1408 300 CAECILIUM
1442 241 1843 299 DIVINATIO.

306 394 460 475 agat.
531 390 778 445 Huiusce
822 387 977 442 modi
1010 386 1489 457 propositionibus
1528 384 1720 439 Cicero
1757 384 2087 454 designatus
2123 383 2325 439 aedilis

305 465 396 517 his
440 461 718 532 capitibus
762 458 1087 529 respondet:
1136 460 1517 511 accusatorem
1560 471 1691 509 eum
1735 470 1856 510 esse
1893 457 2181 525 oportere,
2227 456 2330 524 qui

306 534 515 588 invitus
566 532 786 601 cogitur
833 527 1124 599 religionis
1172 528 1383 595 officio,
1427 528 1660 596 rogatus
1698 525 1770 579 ab
1806 526 2064 580 omnibus
2103 525 2325 595 Siculis,

306 604 405 672 qui
447 618 549 672 pro
593 618 654 656 re
699 599 926 671 publica
972 599 1118 669 agit,
1174 614 1342 679 quem
1386 598 1609 663 volunt,
1664 596 1760 665 qui
1809 599 2100 665 accusant,
2157 613 2328 665 quem

307 674 534 741 metuit,
571 671 668 740 qui
694 671 1013 736 accusatur,
1049 668 1148 737 qui
1181 669 1416 722 idoneus
1454 669 1540 722 est
1574 666 1840 720 facundia
1873 666 2323 735 innocentiaque,

307 744 408 813 qui
430 741 540 798 hoc
575 741 714 796 facit
746 740 1063 794 imitatione
1099 739 1391 793 maiorum.
1456 736 1671 792 Divisio
1708 736 2064 807 principalis,
2101 754 2217 792 una
2250 739 2323 793 de

310 831 371 869 se
407 815 559 883 ipso,
597 813 776 866 altera
811 810 881 864 de
918 809 1275 864 contentione
1314 808 1402 863 sui
1437 809 1498 863 et
1532 808 1779 862 Caecilii.

451 882 804 938 Divinatio
832 881 1037 936 dicitur
1061 881 1203 934 haec
1232 880 1443 948 oratic,
1463 878 1595 947 quia
1619 894 1734 932 non
1761 878 1830 932 de
1856 877 2008 933 facto
2035 879 2326 947 quaeritur

312 956 473 1023 (haec
509 953 873 1020 coniectura),
920 951 1017 1006 sed
1054 951 1123 1005 de
1158 950 1374 1018 futuro,
1422 965 1565 1018 quae
1602 949 1691 1003 est
1726 948 2025 1016 divinatio,
2066 952 2191 1004 uter
2227 950 2323 1005 de-

309 1026 445 1079 beat
470 1040 745 1078 accusare.
798 1021 915 1075 Alii
941 1021 1069 1077 ideo
1095 1022 1300 1090 putant
1326 1019 1731 1076 divinationem
1759 1018 1887 1087 dici,
1915 1019 2066 1088 quod
2091 1019 2327 1075 iniurati

312 1095 523 1150 iudices
568 1093 629 1147 in
671 1094 781 1146 hac
826 1108 995 1146 causa
1039 1092 1271 1145 sedeant
1313 1093 1395 1158 et,
1443 1090 1593 1158 quod
1628 1089 1830 1156 velint,
1874 1090 2215 1159 praesentire
2251 1091 2326 1145 de

310 1167 546 1233 utroque
588 1164 833 1234 possint,
889 1162 1013 1229 alii,
1067 1162 1218 1230 quod
1267 1178 1356 1215 res
1402 1161 1605 1231 agatur
1652 1160 1772 1214 sine
1817 1160 2054 1214 testibus
2099 1162 2158 1214 et
2200 1161 2323 1215 sine

309 1235 519 1291 tabulis
573 1237 632 1289 et
682 1234 773 1288 his
825 1232 1056 1288 remotis
1112 1234 1446 1303 argumenta
1495 1231 1618 1285 sola
1663 1231 1966 1299 sequantur
2008 1230 2220 1285 iudices
2266 1234 2329 1287 et

312 1306 474 1376 quasi
509 1305 776 1360 divinent.

453 1376 659 1446 Agitur
687 1378 876 1429 autem
903 1391 1074 1428 causa
1101 1372 1396 1428 senatoriis
1433 1371 1655 1426 iudiciis
1692 1371 1754 1425 in
1788 1371 2003 1427 invidia
2037 1373 2189 1442 apud
2223 1389 2326 1443 po-

310 1448 508 1517 pulum
552 1445 872 1500 constitutis
916 1445 986 1498 de
1032 1460 1192 1498 corru
1231 1444 1388 1498 tione
1425 1442 1734 1497 multorum
1768 1442 1984 1497 vexatis
2020 1442 2326 1512 provinciis

312 1516 569 1572 omnibus
625 1532 691 1569 ac
741 1514 905 1568 sociis
949 1513 1149 1583 populi
1245 1513 1435 1567 omani
1476 1512 1639 1567 fessis
1683 1514 1806 1567 toto
1852 1513 1986 1567 orbe
2028 1516 2089 1568 te

271 1583 286 1601 ⁸
311 1585 730 1641 accusatoribus
747 1583 1227 1654 praevaricatione
1254 1583 1574 1651 infamibus,
1601 1583 1896 1653 flagitante
1922 1584 2087 1653 plebe
2115 1584 2328 1639 iudicia

310 1656 583 1725 equestris
628 1655 864 1722 ordinis,
915 1671 1057 1722 quae
1102 1653 1219 1708 fere
1256 1656 1389 1708 ante
1427 1671 1603 1708 annos
1640 1653 1692 1707 X
1727 1654 1909 1709 victor
1945 1653 2104 1709 Sulla
2140 1658 2324 1710 sustu·

310 1728 481 1795 lerat,
527 1728 898 1797 cognoscente
943 1725 1012 1778 de
1047 1724 1299 1794 pecuniis
1334 1723 1658 1793 repetundis
1694 1724 1787 1778 Μ’.
1827 1724 2128 1780 Glabrione
2164 1743 2325 1795 prae-

310 1799 433 1853 tore
488 1800 546 1852 et
600 1795 961 1877 amplissimis
1014 1795 1324 1863 quibusque
1377 1794 1644 1849 senatorii
1689 1794 1898 1849 ordinis
1944 1795 2325 1851 iudicantibus

307 1868 1488 2004 sumfflnzxepffiffignzoffizffiognzsstus
1521 1936 1780 2019 qualitas
1812 1936 2128 2007 *negotialis'
2083 1937 2096 1949 ⁹
2173 1954 2324 1993 com-

309 2011 569 2081 parativa
597 2011 665 2064 de
692 2007 1084 2064 constituendo
1111 2010 1455 2076 accusatore,
1493 2024 1591 2076 qui
1615 2007 1972 2077 potissimum
1998 2008 2067 2064 de
2105 2008 2326 2064 duobus

311 2084 411 2205 {ut
456 2082 553 2150 qui
594 2080 743 2205 ⁸951r¹¹⁸
780 2081 1030 2202 accuse?
1057 2078 1219 2133 ‘dicit
1253 2078 1405 2132 enim
1432 2077 1715 2134 Caecilius
1754 2081 1855 2132 aut
1890 2095 1926 2133 a
1960 2095 2020 2134 se
2057 2094 2324 2135 accusan-

348 2170 446 2206 um
482 2167 604 2207 esse
687 2167 866 2205 errem
902 2166 975 2204 au
1040 2165 1078 2202 a
1111 2165 1172 2203 se
1207 2165 1443 2218 quoque.

236 2307 273 2433 Ji
446 2326 516 2392 Si
562 2327 706 2411 quis
753 2332 1069 2412 vestrum,
1122 2327 1392 2411 iudices,
1447 2332 1560 2393 aut
1606 2350 1856 2413 eorum,
1912 2328 2024 2413 qui
2069 2329 2326 2414 adsunt,

310 2416 482 2480 forte
522 2416 800 2481 miratur
844 2438 972 2499 me,
1015 2416 1132 2500 qui
1174 2420 1279 2480 tot
1324 2438 1528 2482 annos
1574 2417 1645 2482 in
1689 2417 1903 2482 causis
1943 2417 2328 2501 iudiciisque

311 2503 589 2589 publicis
638 2503 735 2568 ita
782 2504 904 2568 sim
949 2509 1245 2569 versatus
1253 2557 1272 2590 ‚
1327 2508 1402 2568 ut
1447 2504 1843 2569 defenderim
1888 2505 2151 2588 multos,
2196 2506 2328 2571 lae-

312 2592 509 2656 serim
579 2592 930 2676 neminem,
1003 2593 1219 2657 subito
1288 2614 1457 2657 nunc
1521 2596 1776 2657 mutata
1837 2594 2176 2659 voluntate
2242 2594 2328 2659 ad

312 2680 742 2746 accusandum
786 2680 1192 2764 descendere,
1237 2680 1294 2744 is
1342 2681 1399 2744 si
1444 2681 1572 2745 mei
1617 2681 1871 2746 consilii
1917 2703 2179 2747 causam
2226 2704 2326 2747 ra·
2354 2709 2383 2750 5

309 2770 681 2852 tionemque
719 2769 1115 2855 cognoverit,
1160 2790 1290 2833 una
1327 2771 1393 2832 et
1435 2768 1521 2853 id,
1568 2769 1740 2853 quod
1783 2769 1971 2853 faci0‚
2016 2770 2328 2853 probabit

313 2862 379 2922 et
415 2857 486 2921 in
518 2856 643 2921 hac
679 2877 874 2922 causa
909 2856 1202 2942 profecto
1239 2857 1563 2921 neminem
1599 2858 2125 2944 praeponendum
2163 2859 2328 2923 mihi

312 2967 455 3010 esse
503 2949 791 3010 actorem
836 2945 1113 3029 putabit.
2178 3002 2179 3005 ,

241 3045 274 3092 2
445 3029 609 3098 Cum
666 3036 971 3117 quaestor
1026 3033 1096 3096 in
1148 3029 1372 3098 Sicilia
1422 3033 1719 3118 fuissem,
1780 3033 2020 3100 iudices
2030 3085 2048 3117 ‚
2102 3034 2326 3119 itaque

311 3143 390 3187 ex
443 3143 521 3186 ea
574 3120 913 3206 provincia
963 3120 1410 3205 decessissem,
1462 3125 1537 3186 ut
1592 3119 1826 3187 Siculis
1882 3123 2184 3188 omnibus
2234 3123 2326 3189 iu·
2358 3148 2415 3191 ιο

311 3209 587 3275 cundam
623 3209 1123 3293 diuturnamque
1160 3209 1543 3275 memoriam
1586 3214 1972 3294 quaesturae
2016 3211 2325 3277 nominis-

313 3320 436 3381 que
491 3297 621 3362 mei
674 3297 1131 3383 relinquerem,
1183 3297 1431 3364 factum
1487 3300 1612 3382 est,
1665 3298 1765 3362 uti
1811 3320 1957 3363 cum
2004 3321 2326 3364 summum

311 3385 384 3447 in
435 3385 763 3449 veteribus
817 3386 1112 3469 patronis
1160 3386 1413 3469 multiS,
1468 3389 1609 3450 tum
1653 3408 1785 3451 non
1827 3388 2083 3452 nullum
2129 3388 2329 3453 etiam

312 3471 384 3534 in
420 3492 522 3534 me
559 3473 952 3555 praesidium
990 3474 1123 3539 suis
1167 3473 1450 3538 fortunis
1498 3475 1926 3540 constitutum
1972 3498 2113 3541 esse
2161 3475 2328 3542 arbi-

312 3561 663 3623 trarentur.
751 3559 875 3634 Qui
924 3583 1093 3628 nunc
1136 3563 1437 3647 populati
1484 3566 1677 3647 atque
1722 3563 1941 3630 vexati
1985 3565 2202 3631 cuncti
2248 3561 2332 3629 ad
2365 3579 2424 3622 ιδ
