2566 4016
335 236 468 301 242
941 234 1021 289 IN
1060 234 1118 290 C.
1146 233 1457 289 VERREM
1493 233 1655 289 ACT.
1694 234 1761 288 H.

326 382 693 465 hominem,
747 381 1075 446 accusavit
1130 384 1403 465 propter
1445 378 1890 465 Aegritomari
1938 378 2357 464 Transalpini

336 470 615 555 hospitis
644 469 933 534 iniuriaS.
1004 468 1315 533 Putarem
1343 490 1447 532 me
1478 468 1800 551 idoneum,
1839 467 1949 550 qui
1986 469 2357 552 exemplum

337 579 638 642 sequerer
664 558 1094 622 humanitatis
1124 561 1320 641 atque
1350 555 1550 621 officii
1576 577 2132 640 proponeremque
2170 577 2358 640 spem

338 647 498 711 meis
527 645 895 731 hospitibus
926 667 1001 711 ac
1025 644 1428 728 necessariis,
1466 666 1593 728 quo
1621 644 1932 708 tutiorem
1971 665 2111 708 sese
2148 644 2359 708 vitam

337 756 482 799 meo
538 734 861 819 praesidio
917 735 1202 799 victuros
1258 754 1401 797 esse
1451 730 1951 833 arbitrarentur3
2008 753 2153 796 cum
2200 754 2356 797 vero
2414 750 2444 790 5

336 824 407 886 in
461 821 909 887 communibus
954 822 1207 886 iniuriis
1253 822 1458 886 totius
1506 820 1915 910 provinciae
1926 819 2154 884 Stheni
2202 841 2358 904 quo-

340 931 463 994 que
527 931 722 974 causa
785 911 1194 975 contineatur
1248 910 1569 992 multique
1625 931 1753 974 uno
1809 894 2102 992 tempore
2158 931 2197 972 a
2250 931 2359 972 me

337 998 630 1083 hospites
669 1002 863 1081 atque
901 998 1091 1063 amici
1129 998 1389 1083 publice
1424 997 1862 1081 privatimque
1910 996 2361 1080 defendantur,

337 1085 629 1171 profecto
685 1087 894 1151 vereri
945 1108 1078 1150 non
1133 1086 1364 1169 debeo,
1417 1106 1499 1149 ne
1551 1085 1696 1168 quis
1742 1085 1892 1169 hoc,
1949 1085 2120 1168 quod
2163 1084 2361 1169 facio,

335 1196 469 1239 non
541 1174 868 1239 existimet
940 1198 1042 1239 me
1116 1174 1355 1239 summi
1419 1172 1619 1238 officii
1681 1173 1935 1238 ratione
1999 1173 2359 1257 impulsum
2393 1192 2451 1231 ιο

339 1267 760 1347 coactumque
808 1263 1187 1348 suscepisse.

232 1349 320 1413 48
472 1349 690 1433 Atque
726 1354 802 1415 ut
838 1351 1185 1435 aliquando
1226 1351 1304 1415 de
1340 1351 1534 1415 rebus
1573 1350 1655 1414 ab
1691 1350 1822 1413 isto
1871 1349 2149 1434 cognitis
2195 1349 2363 1413 iudi-

339 1438 629 1521 catisque
702 1441 769 1502 et
841 1439 917 1503 de
989 1439 1240 1503 iudiciis
1307 1439 1478 1502 datis
1544 1437 1753 1502 dicere
1818 1437 2205 1502 desistamus
2271 1441 2360 1520 et,

341 1525 648 1609 quoniam
710 1525 888 1590 facta
949 1527 1140 1590 istius
1190 1527 1263 1590 in
1317 1526 1421 1590 his
1478 1525 1823 1611 generibus
1878 1525 2134 1589 infinita
2187 1530 2364 1609 sunt,

339 1634 460 1678 nos
523 1614 783 1678 modum
852 1614 1135 1698 aliquem
1200 1617 1266 1679 et
1329 1614 1523 1678 finem
1582 1613 1864 1678 orationi
1917 1617 2182 1678 nostrae
2238 1613 2363 1678 cri-
2392 1632 2451 1672 15

339 1701 751 1786 minibusque
794 1701 1138 1785 faciamuS,
1183 1724 1391 1787 pauca
1437 1724 1515 1766 ex
1561 1701 1707 1766 aliis
1755 1701 2099 1788 generibus
2146 1723 2362 1766 sume-

239 1794 339 1845 119
375 1813 539 1855 mus.
628 1790 926 1856 Audistis
991 1792 1075 1855 ob
1138 1791 1239 1854 ius
1307 1790 1643 1855 dicendum
1700 1789 1772 1865 Q.
1817 1789 2091 1855 Varium
2147 1790 2363 1854 dicere

340 1883 794 1964 procuratores
833 1901 984 1944 suos
1020 1879 1137 1943 isti
1173 1882 1431 1944 centum
1469 1877 1746 1964 triginta
1792 1878 1975 1942 milia
2017 1899 2362 1942 nummum

342 1967 611 2053 dedisse,
656 1968 1045 2034 meministis
1085 1967 1157 2045 Q.
1185 1966 1347 2032 Vari
1383 1966 1850 2049 testimonium,
1885 1988 2151 2051 remque
2187 1967 2364 2032 hanc

339 2060 550 2121 totam
606 2056 674 2122 O.
712 2056 1105 2140 Sacerdotis,
1159 2056 1443 2121 hominis
1500 2056 1923 2137 ornatissimi,
1976 2055 2362 2121 testimonio
2389 2075 2447 2114 ιο

342 2145 781 2229 comprobari,
840 2146 1021 2209 scitis
1077 2144 1194 2209 Cn.
1241 2143 1550 2226 Sertium,
1603 2143 1689 2207 M.
1734 2143 2051 2228 Modium,
2107 2144 2362 2228 equites

341 2232 692 2313 RomanOS,
738 2236 1065 2297 sescentos
1112 2236 1450 2315 praeterea
1494 2232 1666 2296 cives
1712 2232 2041 2297 Romanos
2088 2232 2363 2297 multos-

343 2341 466 2403 que
504 2316 755 2383 Siculos
795 2319 1032 2383 dixisse
1079 2341 1148 2383 se
1193 2319 1309 2383 isti
1353 2319 1693 2404 pecuniam
1740 2321 1824 2384 ob
1868 2321 1970 2385 ius
2018 2320 2364 2385 dicendum

343 2406 610 2470 dedisse.
693 2406 791 2470 De
840 2428 966 2490 quo
1013 2406 1279 2472 crimine
1327 2407 1482 2490 quid
1529 2429 1650 2493 ego
1699 2408 2051 2492 disputem,
2097 2430 2244 2473 cum
2290 2409 2366 2473 id

341 2497 555 2559 totum
583 2494 871 2579 positum
900 2497 985 2560 sit
1020 2495 1090 2559 in
1124 2495 1450 2562 testibus?
1499 2496 1653 2578 quid
1689 2517 1884 2580 porro
1923 2501 2364 2582 argumenter,
2390 2515 2450 2555 ιε

343 2604 472 2666 qua
526 2582 602 2647 de
657 2605 728 2647 re
785 2582 1081 2649 dubitare
1135 2606 1326 2650 nemo
1371 2584 1626 2668 possit?
1707 2582 1814 2648 An
1859 2583 1983 2649 hoc
2030 2585 2394 2649 dubitabit.

342 2672 686 2755 quisquam
743 2672 1058 2755 omnium,
1123 2672 1279 2756 quin
1332 2672 1390 2736 is
1444 2672 1740 2737 venalem
1794 2673 1865 2736 in
1919 2669 2143 2737 Sicilia
2196 2674 2367 2738 iuris

342 2760 688 2825 dictionem
741 2760 1071 2844 habuerit,
1127 2761 1238 2844 qui
1281 2760 1531 2825 Romae
1576 2763 1791 2824 totum
1838 2760 2116 2826 edictum
2163 2765 2369 2845 atque

341 2849 560 2913 omnia
625 2848 883 2914 decreta
935 2848 1337 2914 vendiderit?
1403 2851 1469 2912 et
1523 2848 1679 2931 quin
1731 2848 1788 2912 is
1844 2849 1926 2913 ab
1983 2847 2218 2914 Siculis
2275 2850 2369 2915 ob

342 2938 599 3002 decreta
651 2937 1122 3022 interponenda
1175 2938 1481 3020 pecunias
1537 2936 1809 3020 ceperit,
1872 2937 1983 3020 qui
2036 2936 2121 3001 M.
2171 2935 2368 3002 Octa·
2397 2956 2453 2996 so

342 3026 519 3090 vium
554 3024 861 3111 Ligurem
897 3024 1235 3110 pecuniam
1281 3025 1366 3089 ob
1411 3024 1513 3088 ius
1562 3024 1897 3088 dicendum
1944 3025 2371 3109 poposcerit?

241 3126 341 3175 120
379 3112 565 3189 Quod
619 3114 789 3178 enim
841 3113 970 3177 iste
1024 3116 1362 3197 praeterea
1416 3132 1620 3198 genus
1679 3112 1988 3197 pecuniae
2035 3113 2374 3198 cogendae

343 3201 724 3285 praeteriit?
771 3201 942 3285 quod
978 3221 1111 3264 non
1147 3200 1230 3265 ab
1270 3200 1570 3265 omnibus
1609 3200 1757 3264 aliis
1793 3200 2223 3284 praeteritum
2262 3224 2374 3266 ex-

344 3288 705 3374 cogitavit?
752 3311 988 3373 ecquae
1024 3310 1127 3353 res
1167 3288 1340 3373 apud
1376 3288 1673 3353 civitates
1720 3286 1972 3352 Siculas
2019 3289 2377 3376 expetitur,

343 3376 415 3437 in
469 3398 598 3458 qua
642 3381 755 3441 aut
799 3377 1009 3442 honos
1056 3376 1293 3461 aliquis
1341 3376 1429 3440 sit
1475 3380 1589 3441 aut
1633 3379 1928 3462 potestas
1976 3380 2090 3442 aut
2135 3400 2376 3462 procu·
2405 3394 2461 3436 a
2531 3427 2532 3452 ,

347 3462 545 3544 ratio,
599 3464 753 3545 quin
809 3487 952 3530 eam
995 3486 1136 3529 rem
1180 3468 1255 3529 tn
1302 3464 1386 3529 ad
1429 3468 1615 3529 tuum
1662 3468 2004 3548 quaestum
2048 3466 2380 3533 nundina·
2531 3463 2532 3516 ¹

242 3552 331 3615 49
350 3547 718 3631 tionemque
780 3551 1117 3617 hominum
1179 3552 1588 3619 traduxeris‘?
1687 3552 1881 3618 Dicta
1940 3555 2092 3620 sunt
2145 3554 2385 3637 priore
