2566 4016
284 204 373 267 54
621 201 763 256 PRO
802 200 954 256 SEX.
993 199 1252 256 ROSCIO
1289 199 1627 255 AMERINO
1665 200 1954 256 ORATIO.

284 347 606 414 stituisset
640 346 712 409 in
746 366 924 428 eum,
958 344 1068 429 qui
1101 348 1446 429 parentem
1486 348 1801 428 necasset,
1845 346 2183 430 respondit
2224 368 2301 412 se

283 436 351 501 id
377 434 698 500 neminem
727 433 1049 500 facturum
1075 436 1357 517 putasse.
1422 429 1761 516 Sapienter
1783 394 2016 498 'fecisse
2043 433 2298 517 dicitur,

285 545 438 590 cum
468 522 545 586 de
584 543 658 586 eo
693 520 860 586 nihil
900 521 1203 604 sanxerit,
1245 519 1439 604 quod
1467 523 1660 585 antea
1704 520 2123 586 commissum
2166 543 2302 590 non

285 614 443 693 erat,
485 631 566 674 ne
602 631 735 674 non
771 613 907 674 tam
943 607 1288 693 prohibere
1326 629 1521 692 quam
1566 608 1912 673 admonere
1954 609 2298 674 videretur.

285 699 543 775 Quanto
565 697 778 762 nostri
803 695 1081 761 maiores
1110 696 1492 781 sapientius!
1531 696 1645 780 qui
1670 717 1817 761 cum
1843 696 2301 782 intellegerent
2328 718 2356 759 ⁵

285 787 450 852 nihil
496 806 635 850 esse
681 789 819 849 tam
866 786 1187 867 sanctum,
1234 784 1407 868 quod
1449 804 1583 848 non
1628 784 1977 867 aliquando
2019 785 2301 850 violaret

211 870 220 878 ’
287 872 580 956 audacia,
635 871 1024 956 supplicium
1077 872 1147 935 in
1200 871 1555 972 parricidas
1601 871 1932 957 singulare
1978 873 2302 959 excogita-

285 964 544 1043 verunt,
595 964 699 1043 ut,
753 981 915 1043 quos
968 963 1220 1024 natura
1255 959 1402 1044 ipsa
1456 958 1737 1024 retinere
1788 959 1861 1023 in
1909 958 2122 1025 officio
2162 981 2301 1025 -non

285 1048 633 1133 potuisset,
688 1047 1132 1133 magnitudine
1186 1068 1434 1147 poenae
1488 1069 1529 1112 a
1574 1046 1891 1112 maleficio
1938 1067 2300 1113 summove·

285 1141 526 1202 rentur.
615 1134 798 1200 Insui
858 1135 1204 1201 voluerunt
1258 1135 1329 1198 in
1380 1136 1663 1200 culleum
1716 1134 1899 1200 vivos
1955 1139 2147 1219 atque
2199 1136 2298 1201 ita
2330 1157 2382 1198 ιο

182 1281 269 1347 26
286 1224 358 1288 in
400 1222 915 1396 flglpfflgm
960 1311 1389 1395 sapientiam,
1411 1310 1678 1375 iudices!
1723 1309 1957 1375 Nonne
2000 1275 2340 1376 videntur

223 1359 458 1464 ¹hunc
485 1398 816 1463 hominem
851 1420 930 1463 ex
963 1420 1181 1463 rerum
1215 1402 1451 1463 natura
1487 1397 1828 1463 sustulisse
1866 1402 1934 1463 et
1969 1398 2302 1484 eripuisse,

292 1487 394 1552 cui
420 1490 683 1571 repente
712 1487 978 1569 caelum,
1007 1487 1229 1569 solem,
1266 1507 1503 1569 aquam
1528 1489 1899 1569 terramque
1927 1484 2302 1569 ademerint,

291 1579 389 1657 ut,
440 1574 552 1659 qui
597 1596 743 1639 eum
788 1577 1107 1657 necasset,
1160 1573 1330 1637 unde
1373 1573 1514 1658 ipse
1558 1577 1751 1639 natus
1798 1577 1996 1656 esset,
2053 1578 2304 1639 careret
2332 1593 2383 1635 ιε

289 1663 371 1728 iis
416 1662 609 1728 rebus
658 1661 983 1744 omnibus,
1033 1683 1112 1726 ex
1155 1661 1391 1745 quibus
1438 1661 1656 1726 omnia
1698 1664 1856 1726 nata
1902 1681 2042 1726 esse
2089 1662 2304 1727 dicun·

291 1751 443 1815 tur?
516 1749 884 1816 Noluerunt
931 1749 1090 1814 feris
1135 1770 1370 1833 corpus
1417 1749 1696 1832 obicere,
1747 1770 1828 1814 ne
1874 1748 2105 1814 bestiis
2146 1769 2303 1833 quo·

293 1861 444 1923 que,
515 1860 681 1923 quae
743 1840 997 1902 tantum
1063 1837 1271 1902 scelus
1337 1836 1740 1922 attigissent,
1811 1836 2303 1902 immanioribus

292 1931 646 2011 uteremur3
698 1929 848 1990 non
882 1924 974 1989 sic
1017 1924 1223 1992 nudos
1245 1924 1342 1988 in
1383 1923 1624 1989 flumen
1668 1924 1940 2007 deicere,
1991 1946 2101 2007 ne,
2157 1947 2304 1990 cum

294 2016 495 2081 delati
547 2019 765 2080 essent
816 2014 890 2078 in
931 2035 1135 2097 mare,
1189 2014 1404 2098 ipsum
1449 2013 1842 2098 polluerent,
1898 2034 2024 2096 quo
2071 2018 2304 2096 cetera,
2333 2033 2388 2074 ιο

292 2126 458 2256 332⁶
474 2101 1235 2255 53⁰ss2³³t332¹²231¹⁹255³
1252 2105 1615 2255 3¹³⁸ssss&
1655 2101 1928 2254 dffl
1960 2098 2307 2254 fflmtssss

190 2283 256 2331 '⁷2
294 2212 614 2361 liquerinffi
689 2275 952 2341 Etenim
989 2209 1143 2359 ᾳέιᾶ
1177 2279 1316 2340 tam
1354 2238 1454 2341 est
1495 2212 1833 2341 comnliune
1879 2297 2075 2361 quam
2118 2277 2306 2362 spiri·

293 2370 402 2429 tus
463 2364 659 2446 vivis,
730 2367 907 2427 terra
969 2363 1268 2447 mortuiS,
1343 2385 1521 2429 mare
1580 2364 2074 2449 fluctuantibus,
2146 2364 2306 2430 litus

295 2451 560 2517 eiectis?
632 2450 738 2516 Ita
780 2450 1035 2535 vivunt,
1082 2451 1233 2516 dum
1277 2456 1580 2537 possunt,
1622 2456 1701 2518 ut
1746 2452 1975 2518 ducere
2020 2453 2305 2518 animam
2334 2470 2388 2511 2⁶

297 2541 374 2605 de
429 2540 607 2604 caelo
660 2560 793 2604 non
847 2542 1112 2623 queant,
1164 2539 1261 2605 ita
1300 2541 1709 2624 moriuntur,
1760 2543 2108 2607 uteorum
2156 2561 2308 2606 ossa

294 2632 472 2693 terra
503 2649 639 2692 non
672 2631 923 2714 tangat,
967 2627 1064 2692 ita
1096 2628 1424 2693 iactantur
1454 2628 1791 2712 fluctibus,
1834 2631 1910 2692 ut
1953 2650 2311 2712 numquam·

294 2717 660 2799 abluantur,
695 2715 791 2780 ita
815 2719 1146 2800 postremo
1175 2715 1508 2798 eiciuntur,
1530 2720 1619 2779 ut
1644 2737 1726 2780 ne
1754 2715 1836 2781 ad
1865 2736 2022 2781 saxa
2047 2716 2309 2817 quidem

294 2803 536 2869 mortui
568 2804 1042 2905 conquiescant.
1106 2803 1304 2868 Tanti
1338 2803 1638 2868 maleficii
1675 2803 1934 2886 crimen,
1972 2803 2077 2868 cui
2111 2805 2308 2870 male·

291 2891 439 2957 ficio
476 2896 614 2957 tam
659 2892 913 2978 insigne
960 2891 1349 2976 supplicium
1395 2894 1495 2955 est
1540 2892 1984 2992 constitutum,
2027 2891 2310 2976 probare
2336 2908 2391 2949 ὀ
2484 2942 2488 2946 Α

293 2984 389 3064 te,
448 2979 671 3062 Eruci,
735 3000 955 3045 censes
1009 3000 1201 3064 posse
1255 2978 1501 3044 talibus
1556 2978 1740 3062 viris,
1800 2979 1856 3043 si
1909 3000 1991 3044 ne
2046 2999 2309 3044 causam

295 3067 553 3152 quidem
608 3066 910 3132 maleficii
960 3067 1357 3151 protuleris?
1439 3063 1508 3131 Si
1558 3067 1728 3133 hunc
1768 3090 1861 3152 -pa
1858 3066 1946 3132 ud
1990 3067 2309 3133 bonorum

253 3159 620 3240 emptores
682 3154 863 3240 ipsos
929 3175 1260 3220 accusares
1317 3154 1501 3238 eique
1540 3154 1789 3220 iudicio
1813 3091 2310 3239 pohrysqgonus

296 3247 656 3328 praeesset,
717 3246 962 3307 tamen
1039 3241 1415 3328 diligentius
1500 3242 1919 3327 paratiusque
2003 3243 2310 3307 venisses.

193 3341 258 3389 ’13
298 3329 553 3412 Utrum,
600 3330 757 3414 quid
791 3334 1045 3416 agatur,
1088 3350 1221 3395 non
1255 3329 1454 3407 vides,
1498 3351 1584 3394 an
1619 3330 1789 3415 apud
1828 3350 1990 3413 quos
2027 3331 2310 3432 agatur?
2338 3345 2393 3386 ³³

297 3416 540 3501 Agitur
594 3416 670 3482 de
714 3417 1089 3502 parricidio,
1139 3417 1318 3501 quod
1357 3417 1523 3481 sine
1540 3417 1766 3482 multis
1813 3416 2023 3482 causis
2070 3418 2312 3503 suscipi

298 3524 431 3568 non
457 3507 702 3588 potest3
740 3506 913 3588 apud
937 3505 1232 3570 homines
1261 3509 1479 3569 autem
1507 3505 2044 3588 prudentissimos
2072 3504 2312 3591 agitur,
