<?xml version="1.0" encoding="UTF-8"?>
<!DOCTYPE html PUBLIC "-//W3C//DTD XHTML 1.0 Transitional//EN"
    "http://www.w3.org/TR/xhtml1/DTD/xhtml1-transitional.dtd">
<html xmlns="http://www.w3.org/1999/xhtml" xml:lang="en" lang="en">
 <head>
  <title>
</title>
<meta http-equiv="Content-Type" content="text/html;charset=utf-8" />
  <meta name='ocr-system' content='tesseract 3.04.00' />
  <meta name='ocr-capabilities' content='ocr_page ocr_carea ocr_par ocr_line ocrx_word'/>
</head>
<body>
  <div class='ocr_page' id='page_1' title='image "./scriptaquaemans00klotgoog_0601.png"; bbox 0 0 2566 4016; ppageno 0'>
   <div class='ocr_carea' id='block_1_1' title="bbox 702 181 2254 248">
    <p class='ocr_par' dir='ltr' id='par_1_1' title="bbox 702 181 2254 248">
     <span class='ocr_line' id='line_1_1' title="bbox 702 181 2254 248; baseline 0.004 -13"><span class='ocrx_word' id='word_1_1' title='bbox 702 181 836 236; x_wconf 88' lang='lat' dir='ltr'><strong>LIB.</strong></span> <span class='ocrx_word' id='word_1_2' title='bbox 867 182 917 237; x_wconf 91' lang='lat' dir='ltr'><strong>V</strong></span> <span class='ocrx_word' id='word_1_3' title='bbox 980 181 1133 238; x_wconf 83' lang='lat' dir='ltr'>CAP.</span> <span class='ocrx_word' id='word_1_4' title='bbox 1174 187 1383 238; x_wconf 76' lang='lat'><strong>55—57</strong></span> <span class='ocrx_word' id='word_1_5' title='bbox 1422 186 1453 247; x_wconf 67' lang='grc'>9</span> <span class='ocrx_word' id='word_1_6' title='bbox 1494 187 1787 237; x_wconf 79' lang='lat'>143-148.</span> <span class='ocrx_word' id='word_1_7' title='bbox 2121 183 2254 248; x_wconf 82' lang='lat'>483</span> 
     </span>
    </p>
   </div>
   <div class='ocr_carea' id='block_1_2' title="bbox 125 316 2359 3578">
    <p class='ocr_par' dir='ltr' id='par_1_2' title="bbox 125 316 2359 3578">
     <span class='ocr_line' id='line_1_2' title="bbox 246 316 2255 411; baseline 0 -19"><span class='ocrx_word' id='word_1_8' title='bbox 246 330 313 393; x_wconf 91' lang='lat' dir='ltr'>et</span> <span class='ocrx_word' id='word_1_9' title='bbox 384 349 527 392; x_wconf 90' lang='lat' dir='ltr'>eam</span> <span class='ocrx_word' id='word_1_10' title='bbox 591 316 850 392; x_wconf 79' lang='lat' dir='ltr'>Siciliae</span> <span class='ocrx_word' id='word_1_11' title='bbox 916 329 1172 410; x_wconf 90' lang='lat' dir='ltr'>partem</span> <span class='ocrx_word' id='word_1_12' title='bbox 1234 325 1521 391; x_wconf 93' lang='lat' dir='ltr'>tenuisse</span> <span class='ocrx_word' id='word_1_13' title='bbox 1584 325 1836 391; x_wconf 88' lang='lat' dir='ltr'>dicitur.</span> <span class='ocrx_word' id='word_1_14' title='bbox 1934 324 2029 391; x_wconf 89' lang='lat' dir='ltr'>At</span> <span class='ocrx_word' id='word_1_15' title='bbox 2090 348 2255 411; x_wconf 90' lang='lat' dir='ltr'>quae</span> 
     </span>
     <span class='ocr_line' id='line_1_3' title="bbox 244 348 2254 498; baseline 0 -17"><span class='ocrx_word' id='word_1_16' title='bbox 244 436 440 482; x_wconf 89' lang='lat' dir='ltr'>causa</span> <span class='ocrx_word' id='word_1_17' title='bbox 492 418 635 480; x_wconf 91' lang='lat' dir='ltr'>tum</span> <span class='ocrx_word' id='word_1_18' title='bbox 693 413 1130 479; x_wconf 79' lang='lat' dir='ltr'>subiciebatur</span> <span class='ocrx_word' id='word_1_19' title='bbox 1184 413 1266 478; x_wconf 91' lang='lat' dir='ltr'>ab</span> <span class='ocrx_word' id='word_1_20' title='bbox 1322 413 1495 498; x_wconf 92' lang='lat' dir='ltr'>ipso,</span> <span class='ocrx_word' id='word_1_21' title='bbox 1549 412 1818 497; x_wconf 89' lang='lat' dir='ltr'>iudices,</span> <span class='ocrx_word' id='word_1_22' title='bbox 1870 413 2062 478; x_wconf 90' lang='lat' dir='ltr'>huius</span> <span class='ocrx_word' id='word_1_23' title='bbox 2090 348 2254 481; x_wconf 84' lang='lat' dir='ltr'>qtam</span> 
     </span>
     <span class='ocr_line' id='line_1_4' title="bbox 244 500 2253 586; baseline -0 -17"><span class='ocrx_word' id='word_1_24' title='bbox 244 502 530 569; x_wconf 88' lang='lat' dir='ltr'>nefariae</span> <span class='ocrx_word' id='word_1_25' title='bbox 559 501 1007 567; x_wconf 76' lang='lat' dir='ltr'>crudelitatis?</span> <span class='ocrx_word' id='word_1_26' title='bbox 1071 500 1337 585; x_wconf 86' lang='lat' dir='ltr'>Eadem,</span> <span class='ocrx_word' id='word_1_27' title='bbox 1373 522 1536 586; x_wconf 89' lang='lat' dir='ltr'>quae</span> <span class='ocrx_word' id='word_1_28' title='bbox 1572 522 1744 566; x_wconf 92' lang='lat' dir='ltr'>nunc</span> <span class='ocrx_word' id='word_1_29' title='bbox 1776 501 1848 565; x_wconf 92' lang='lat' dir='ltr'>in</span> <span class='ocrx_word' id='word_1_30' title='bbox 1884 500 2253 568; x_wconf 79' lang='lat' dir='ltr'>defensione</span> 
     </span>
     <span class='ocr_line' id='line_1_5' title="bbox 246 586 2255 673; baseline -0.001 -15"><span class='ocrx_word' id='word_1_31' title='bbox 246 589 875 658; x_wconf 76' lang='lat' dir='ltr'>commemorabitur.</span> <span class='ocrx_word' id='word_1_32' title='bbox 952 587 1350 673; x_wconf 83' lang='lat' dir='ltr'>Quicumque</span> <span class='ocrx_word' id='word_1_33' title='bbox 1397 593 1801 655; x_wconf 84' lang='lat' dir='ltr'>accesserant</span> <span class='ocrx_word' id='word_1_34' title='bbox 1847 589 1929 654; x_wconf 92' lang='lat' dir='ltr'>ad</span> <span class='ocrx_word' id='word_1_35' title='bbox 1966 586 2255 655; x_wconf 84' lang='lat' dir='ltr'>Siciliam</span> 
     </span>
     <span class='ocr_line' id='line_1_6' title="bbox 190 674 2259 764; baseline 0.002 -26"><span class='ocrx_word' id='word_1_36' title='bbox 190 696 218 738; x_wconf 78' lang='lat'>5</span> <span class='ocrx_word' id='word_1_37' title='bbox 245 680 443 764; x_wconf 90' lang='lat' dir='ltr'>paulo</span> <span class='ocrx_word' id='word_1_38' title='bbox 489 678 840 763; x_wconf 86' lang='lat' dir='ltr'>pleniores,</span> <span class='ocrx_word' id='word_1_39' title='bbox 886 697 996 742; x_wconf 93' lang='lat' dir='ltr'>eos</span> <span class='ocrx_word' id='word_1_40' title='bbox 1043 674 1464 753; x_wconf 87' lang='lat' dir='ltr'>Sertorianos</span> <span class='ocrx_word' id='word_1_41' title='bbox 1499 677 1742 742; x_wconf 89' lang='lat' dir='ltr'>milites</span> <span class='ocrx_word' id='word_1_42' title='bbox 1789 698 1929 742; x_wconf 89' lang='lat' dir='ltr'>esse</span> <span class='ocrx_word' id='word_1_43' title='bbox 1976 680 2171 761; x_wconf 89' lang='lat' dir='ltr'>atque</span> <span class='ocrx_word' id='word_1_44' title='bbox 2218 700 2259 743; x_wconf 92' lang='lat' dir='ltr'>a</span> 
     </span>
     <span class='ocr_line' id='line_1_7' title="bbox 245 727 2256 852; baseline -0.001 -19"><span class='ocrx_word' id='word_1_45' title='bbox 245 767 484 833; x_wconf 86' lang='lat' dir='ltr'>Dianio</span> <span class='ocrx_word' id='word_1_46' title='bbox 521 765 745 852; x_wconf 85' lang='lat' dir='ltr'>fugere</span> <span class='ocrx_word' id='word_1_47' title='bbox 783 727 1056 831; x_wconf 85' lang='lat' dir='ltr'>dicebat.</span> <span class='ocrx_word' id='word_1_48' title='bbox 1126 763 1233 829; x_wconf 93' lang='lat' dir='ltr'>Illi</span> <span class='ocrx_word' id='word_1_49' title='bbox 1271 765 1355 830; x_wconf 93' lang='lat' dir='ltr'>ad</span> <span class='ocrx_word' id='word_1_50' title='bbox 1391 764 1864 849; x_wconf 90' lang='lat' dir='ltr'>deprecandum</span> <span class='ocrx_word' id='word_1_51' title='bbox 1898 765 2256 849; x_wconf 88' lang='lat' dir='ltr'>periculum</span> 
     </span>
     <span class='ocr_line' id='line_1_8' title="bbox 244 852 2257 1028; baseline -0 -20"><span class='ocrx_word' id='word_1_52' title='bbox 244 852 885 1026; x_wconf 56' lang='lat'>3323220223523332</span> <span class='ocrx_word' id='word_1_53' title='bbox 921 852 1810 1026; x_wconf 53' lang='grc' dir='ltr'>ιὲἷξὲἑῗῖθξξὲζῖιῇῗῗ</span> <span class='ocrx_word' id='word_1_54' title='bbox 1842 853 2257 1028; x_wconf 53' lang='grc' dir='ltr'>ἐέῗςέἓὲξ</span> 
     </span>
     <span class='ocr_line' id='line_1_9' title="bbox 245 1028 2337 1114; baseline -0.001 -18"><span class='ocrx_word' id='word_1_55' title='bbox 245 1031 400 1096; x_wconf 89' lang='lat' dir='ltr'>vina</span> <span class='ocrx_word' id='word_1_56' title='bbox 432 1051 564 1095; x_wconf 88' lang='lat' dir='ltr'>non</span> <span class='ocrx_word' id='word_1_57' title='bbox 597 1030 766 1094; x_wconf 90' lang='lat' dir='ltr'>nulli</span> <span class='ocrx_word' id='word_1_58' title='bbox 803 1028 1051 1095; x_wconf 86' lang='lat' dir='ltr'>Graeca</span> <span class='ocrx_word' id='word_1_59' title='bbox 1085 1029 1460 1114; x_wconf 83' lang='lat' dir='ltr'>venalisque</span> <span class='ocrx_word' id='word_1_60' title='bbox 1497 1028 1844 1113; x_wconf 88' lang='lat' dir='ltr'>Asiaticos,</span> <span class='ocrx_word' id='word_1_61' title='bbox 1886 1033 1962 1094; x_wconf 90' lang='lat' dir='ltr'>ut</span> <span class='ocrx_word' id='word_1_62' title='bbox 2005 1030 2257 1095; x_wconf 89' lang='lat' dir='ltr'>intelle—</span> <span class='ocrx_word' id='word_1_63' title='bbox 2336 1072 2337 1077; x_wconf 21' lang='grc' dir='ltr'><strong>κ</strong></span> 
     </span>
     <span class='ocr_line' id='line_1_10' title="bbox 160 1115 2257 1203; baseline 0.003 -27"><span class='ocrx_word' id='word_1_64' title='bbox 160 1135 219 1177; x_wconf 87' lang='lat'>10</span> <span class='ocrx_word' id='word_1_65' title='bbox 246 1122 505 1203; x_wconf 82' lang='lat' dir='ltr'>geretur</span> <span class='ocrx_word' id='word_1_66' title='bbox 542 1137 620 1180; x_wconf 86' lang='lat' dir='ltr'>ex</span> <span class='ocrx_word' id='word_1_67' title='bbox 655 1116 995 1199; x_wconf 89' lang='lat' dir='ltr'>mercibus,</span> <span class='ocrx_word' id='word_1_68' title='bbox 1041 1116 1273 1201; x_wconf 92' lang='lat' dir='ltr'>quibus</span> <span class='ocrx_word' id='word_1_69' title='bbox 1313 1138 1390 1180; x_wconf 86' lang='lat' dir='ltr'>ex</span> <span class='ocrx_word' id='word_1_70' title='bbox 1425 1116 1586 1182; x_wconf 88' lang='lat' dir='ltr'>locis</span> <span class='ocrx_word' id='word_1_71' title='bbox 1629 1117 2034 1202; x_wconf 88' lang='lat' dir='ltr'>navigarent.</span> <span class='ocrx_word' id='word_1_72' title='bbox 2104 1115 2257 1183; x_wconf 88' lang='lat' dir='ltr'>Non</span> 
     </span>
     <span class='ocr_line' id='line_1_11' title="bbox 244 1203 2255 1290; baseline 0 -20"><span class='ocrx_word' id='word_1_73' title='bbox 244 1205 664 1290; x_wconf 87' lang='lat' dir='ltr'>providerant</span> <span class='ocrx_word' id='word_1_74' title='bbox 699 1225 809 1269; x_wconf 86' lang='lat' dir='ltr'>eas</span> <span class='ocrx_word' id='word_1_75' title='bbox 845 1204 1023 1288; x_wconf 90' lang='lat' dir='ltr'>ipsas</span> <span class='ocrx_word' id='word_1_76' title='bbox 1061 1203 1188 1268; x_wconf 88' lang='lat' dir='ltr'>sibi</span> <span class='ocrx_word' id='word_1_77' title='bbox 1225 1225 1453 1269; x_wconf 84' lang='lat' dir='ltr'>causas</span> <span class='ocrx_word' id='word_1_78' title='bbox 1501 1225 1642 1270; x_wconf 92' lang='lat' dir='ltr'>esse</span> <span class='ocrx_word' id='word_1_79' title='bbox 1687 1204 1975 1289; x_wconf 88' lang='lat' dir='ltr'>periculi,</span> <span class='ocrx_word' id='word_1_80' title='bbox 2022 1205 2255 1289; x_wconf 89' lang='lat' dir='ltr'>quibus</span> 
     </span>
     <span class='ocr_line' id='line_1_12' title="bbox 125 1291 2256 1379; baseline -0.001 -20"><span class='ocrx_word' id='word_1_81' title='bbox 125 1319 130 1322; x_wconf 69' lang='grc'><strong><em>’</em></strong></span> <span class='ocrx_word' id='word_1_82' title='bbox 246 1291 648 1379; x_wconf 84' lang='lat' dir='ltr'>argumentis</span> <span class='ocrx_word' id='word_1_83' title='bbox 718 1313 786 1357; x_wconf 92' lang='lat' dir='ltr'>se</span> <span class='ocrx_word' id='word_1_84' title='bbox 854 1291 936 1356; x_wconf 91' lang='lat' dir='ltr'>ad</span> <span class='ocrx_word' id='word_1_85' title='bbox 1005 1292 1286 1357; x_wconf 89' lang='lat' dir='ltr'>salutem</span> <span class='ocrx_word' id='word_1_86' title='bbox 1348 1291 1447 1357; x_wconf 90' lang='lat' dir='ltr'>uti</span> <span class='ocrx_word' id='word_1_87' title='bbox 1516 1292 2023 1358; x_wconf 91' lang='lat' dir='ltr'>arbitrabantur.</span> <span class='ocrx_word' id='word_1_88' title='bbox 2119 1292 2256 1357; x_wconf 89' lang='lat' dir='ltr'>Iste</span> 
     </span>
     <span class='ocr_line' id='line_1_13' title="bbox 246 1380 2256 1465; baseline -0 -18"><span class='ocrx_word' id='word_1_89' title='bbox 246 1382 418 1448; x_wconf 92' lang='lat' dir='ltr'>enim</span> <span class='ocrx_word' id='word_1_90' title='bbox 480 1380 640 1446; x_wconf 91' lang='lat' dir='ltr'>haec</span> <span class='ocrx_word' id='word_1_91' title='bbox 704 1400 815 1446; x_wconf 93' lang='lat' dir='ltr'>eos</span> <span class='ocrx_word' id='word_1_92' title='bbox 875 1401 952 1444; x_wconf 84' lang='lat' dir='ltr'>ex</span> <span class='ocrx_word' id='word_1_93' title='bbox 1008 1380 1370 1464; x_wconf 86' lang='lat' dir='ltr'>piratarum</span> <span class='ocrx_word' id='word_1_94' title='bbox 1423 1380 1735 1446; x_wconf 89' lang='lat' dir='ltr'>societate</span> <span class='ocrx_word' id='word_1_95' title='bbox 1790 1380 2059 1465; x_wconf 91' lang='lat' dir='ltr'>adeptos</span> <span class='ocrx_word' id='word_1_96' title='bbox 2115 1402 2256 1446; x_wconf 89' lang='lat' dir='ltr'>esse</span> 
     </span>
     <span class='ocr_line' id='line_1_14' title="bbox 246 1467 2254 1553; baseline -0.001 -18"><span class='ocrx_word' id='word_1_97' title='bbox 246 1470 527 1552; x_wconf 83' lang='lat' dir='ltr'>dicebat3</span> <span class='ocrx_word' id='word_1_98' title='bbox 580 1468 758 1552; x_wconf 93' lang='lat' dir='ltr'>ipsos</span> <span class='ocrx_word' id='word_1_99' title='bbox 811 1467 880 1533; x_wconf 92' lang='lat' dir='ltr'>in</span> <span class='ocrx_word' id='word_1_100' title='bbox 934 1467 1288 1533; x_wconf 91' lang='lat' dir='ltr'>lautumias</span> <span class='ocrx_word' id='word_1_101' title='bbox 1343 1467 1573 1533; x_wconf 88' lang='lat' dir='ltr'>abduci</span> <span class='ocrx_word' id='word_1_102' title='bbox 1622 1468 2013 1553; x_wconf 87' lang='lat' dir='ltr'>imperabat,</span> <span class='ocrx_word' id='word_1_103' title='bbox 2066 1469 2254 1535; x_wconf 90' lang='lat' dir='ltr'>navis</span> 
     </span>
     <span class='ocr_line' id='line_1_15' title="bbox 158 1527 2358 1655; baseline -0.001 -31"><span class='ocrx_word' id='word_1_104' title='bbox 158 1574 217 1617; x_wconf 82' lang='lat'>1⁶</span> <span class='ocrx_word' id='word_1_105' title='bbox 245 1580 468 1624; x_wconf 89' lang='lat' dir='ltr'>eorum</span> <span class='ocrx_word' id='word_1_106' title='bbox 497 1560 690 1641; x_wconf 86' lang='lat' dir='ltr'>atque</span> <span class='ocrx_word' id='word_1_107' title='bbox 719 1577 916 1623; x_wconf 90' lang='lat' dir='ltr'>onera</span> <span class='ocrx_word' id='word_1_108' title='bbox 948 1555 1296 1642; x_wconf 85' lang='lat' dir='ltr'>diligenter</span> <span class='ocrx_word' id='word_1_109' title='bbox 1324 1556 1726 1622; x_wconf 85' lang='lat' dir='ltr'>adservanda</span> <span class='ocrx_word' id='word_1_110' title='bbox 1752 1558 2039 1623; x_wconf 90' lang='lat' dir='ltr'>curabat.</span> <span class='ocrx_word' id='word_1_111' title='bbox 2093 1556 2216 1622; x_wconf 93' lang='lat' dir='ltr'>His</span> <span class='ocrx_word' id='word_1_112' title='bbox 2259 1527 2358 1655; x_wconf 56' lang='lat'>37,</span> 
     </span>
     <span class='ocr_line' id='line_1_16' title="bbox 243 1644 2255 1729; baseline -0.001 -16"><span class='ocrx_word' id='word_1_113' title='bbox 243 1645 563 1713; x_wconf 89' lang='lat' dir='ltr'>institutis</span> <span class='ocrx_word' id='word_1_114' title='bbox 645 1667 791 1711; x_wconf 92' lang='lat' dir='ltr'>cum</span> <span class='ocrx_word' id='word_1_115' title='bbox 872 1644 1232 1729; x_wconf 88' lang='lat' dir='ltr'>completus</span> <span class='ocrx_word' id='word_1_116' title='bbox 1313 1645 1446 1710; x_wconf 91' lang='lat' dir='ltr'>iam</span> <span class='ocrx_word' id='word_1_117' title='bbox 1527 1648 1962 1710; x_wconf 89' lang='lat' dir='ltr'>mercatorum</span> <span class='ocrx_word' id='word_1_118' title='bbox 2038 1667 2255 1711; x_wconf 91' lang='lat' dir='ltr'>carcer</span> 
     </span>
     <span class='ocr_line' id='line_1_17' title="bbox 243 1728 2256 1817; baseline -0.001 -18"><span class='ocrx_word' id='word_1_119' title='bbox 243 1738 436 1817; x_wconf 94' lang='lat' dir='ltr'>esset,</span> <span class='ocrx_word' id='word_1_120' title='bbox 482 1738 624 1798; x_wconf 90' lang='lat' dir='ltr'>tum</span> <span class='ocrx_word' id='word_1_121' title='bbox 665 1733 787 1798; x_wconf 90' lang='lat' dir='ltr'>illa</span> <span class='ocrx_word' id='word_1_122' title='bbox 828 1732 1090 1816; x_wconf 92' lang='lat' dir='ltr'>fiebant,</span> <span class='ocrx_word' id='word_1_123' title='bbox 1136 1752 1301 1816; x_wconf 91' lang='lat' dir='ltr'>quae</span> <span class='ocrx_word' id='word_1_124' title='bbox 1345 1731 1417 1796; x_wconf 90' lang='lat' dir='ltr'>L.</span> <span class='ocrx_word' id='word_1_125' title='bbox 1454 1728 1765 1814; x_wconf 86' lang='lat' dir='ltr'>Suetium,</span> <span class='ocrx_word' id='word_1_126' title='bbox 1812 1731 2094 1816; x_wconf 89' lang='lat' dir='ltr'>equitem</span> <span class='ocrx_word' id='word_1_127' title='bbox 2130 1733 2256 1798; x_wconf 88' lang='lat' dir='ltr'>Ro-</span> 
     </span>
     <span class='ocr_line' id='line_1_18' title="bbox 246 1817 2255 1904; baseline -0 -18"><span class='ocrx_word' id='word_1_128' title='bbox 246 1841 536 1904; x_wconf 90' lang='lat' dir='ltr'>manum,</span> <span class='ocrx_word' id='word_1_129' title='bbox 590 1819 1015 1885; x_wconf 88' lang='lat' dir='ltr'>lectissimum</span> <span class='ocrx_word' id='word_1_130' title='bbox 1069 1819 1309 1902; x_wconf 92' lang='lat' dir='ltr'>virum,</span> <span class='ocrx_word' id='word_1_131' title='bbox 1364 1818 1572 1884; x_wconf 88' lang='lat' dir='ltr'>dicere</span> <span class='ocrx_word' id='word_1_132' title='bbox 1624 1817 1924 1902; x_wconf 89' lang='lat' dir='ltr'>audistis,</span> <span class='ocrx_word' id='word_1_133' title='bbox 1979 1823 2046 1883; x_wconf 94' lang='lat' dir='ltr'>et</span> <span class='ocrx_word' id='word_1_134' title='bbox 2092 1841 2255 1904; x_wconf 92' lang='lat' dir='ltr'>quae</span> 
     </span>
     <span class='ocr_line' id='line_1_19' title="bbox 246 1905 2256 1991; baseline -0.001 -17"><span class='ocrx_word' id='word_1_135' title='bbox 246 1913 492 1974; x_wconf 90' lang='lat' dir='ltr'>ceteros</span> <span class='ocrx_word' id='word_1_136' title='bbox 532 1906 821 1972; x_wconf 89' lang='lat' dir='ltr'>audietis.</span> <span class='ocrx_word' id='word_1_137' title='bbox 895 1905 1190 1972; x_wconf 86' lang='lat' dir='ltr'>Cervices</span> <span class='ocrx_word' id='word_1_138' title='bbox 1235 1906 1306 1969; x_wconf 91' lang='lat' dir='ltr'>in</span> <span class='ocrx_word' id='word_1_139' title='bbox 1350 1927 1603 1972; x_wconf 88' lang='lat' dir='ltr'>carcere</span> <span class='ocrx_word' id='word_1_140' title='bbox 1648 1905 2120 1991; x_wconf 85' lang='lat' dir='ltr'>frangebantur</span> <span class='ocrx_word' id='word_1_141' title='bbox 2164 1908 2256 1972; x_wconf 89' lang='lat' dir='ltr'>in·</span> 
     </span>
     <span class='ocr_line' id='line_1_20' title="bbox 156 1994 2257 2098; baseline 0.001 -39"><span class='ocrx_word' id='word_1_142' title='bbox 156 2015 219 2059; x_wconf 62' lang='grc' dir='ltr'>πο</span> <span class='ocrx_word' id='word_1_143' title='bbox 246 1995 625 2098; x_wconf 87' lang='lat' dir='ltr'>dignissime</span> <span class='ocrx_word' id='word_1_144' title='bbox 687 1994 923 2060; x_wconf 88' lang='lat' dir='ltr'>civium</span> <span class='ocrx_word' id='word_1_145' title='bbox 976 1994 1444 2079; x_wconf 88' lang='lat' dir='ltr'>Romanorum,</span> <span class='ocrx_word' id='word_1_146' title='bbox 1505 1998 1582 2060; x_wconf 93' lang='lat' dir='ltr'>ut</span> <span class='ocrx_word' id='word_1_147' title='bbox 1643 1994 1776 2060; x_wconf 92' lang='lat' dir='ltr'>iam</span> <span class='ocrx_word' id='word_1_148' title='bbox 1837 1994 1959 2060; x_wconf 91' lang='lat' dir='ltr'>illa</span> <span class='ocrx_word' id='word_1_149' title='bbox 2009 2018 2136 2061; x_wconf 86' lang='lat' dir='ltr'>vox</span> <span class='ocrx_word' id='word_1_150' title='bbox 2191 2000 2257 2061; x_wconf 94' lang='lat' dir='ltr'>et</span> 
     </span>
     <span class='ocr_line' id='line_1_21' title="bbox 245 2082 2255 2172; baseline -0.001 -20"><span class='ocrx_word' id='word_1_151' title='bbox 245 2084 625 2172; x_wconf 86' lang='lat' dir='ltr'>inploratio:</span> <span class='ocrx_word' id='word_1_152' title='bbox 665 2082 907 2149; x_wconf 76' lang='lat' dir='ltr'>‘Civis</span> <span class='ocrx_word' id='word_1_153' title='bbox 936 2082 1320 2148; x_wconf 88' lang='lat' dir='ltr'>Romanus</span> <span class='ocrx_word' id='word_1_154' title='bbox 1360 2082 1553 2149; x_wconf 90' lang='lat' dir='ltr'>sum&#39;</span> <span class='ocrx_word' id='word_1_155' title='bbox 1554 2133 1572 2167; x_wconf 93' lang='lat'>,</span> <span class='ocrx_word' id='word_1_156' title='bbox 1609 2104 1773 2168; x_wconf 90' lang='lat' dir='ltr'>quae</span> <span class='ocrx_word' id='word_1_157' title='bbox 1801 2103 1994 2167; x_wconf 90' lang='lat' dir='ltr'>saepe</span> <span class='ocrx_word' id='word_1_158' title='bbox 2027 2084 2255 2149; x_wconf 90' lang='lat' dir='ltr'>multis</span> 
     </span>
     <span class='ocr_line' id='line_1_22' title="bbox 244 2170 2256 2257; baseline -0.002 -18"><span class='ocrx_word' id='word_1_159' title='bbox 244 2175 314 2239; x_wconf 94' lang='lat' dir='ltr'>in</span> <span class='ocrx_word' id='word_1_160' title='bbox 349 2173 599 2239; x_wconf 91' lang='lat' dir='ltr'>ultimis</span> <span class='ocrx_word' id='word_1_161' title='bbox 638 2172 831 2237; x_wconf 88' lang='lat' dir='ltr'>terris</span> <span class='ocrx_word' id='word_1_162' title='bbox 870 2191 1060 2255; x_wconf 92' lang='lat' dir='ltr'>opem</span> <span class='ocrx_word' id='word_1_163' title='bbox 1095 2171 1268 2235; x_wconf 88' lang='lat' dir='ltr'>inter</span> <span class='ocrx_word' id='word_1_164' title='bbox 1304 2170 1622 2237; x_wconf 91' lang='lat' dir='ltr'>barbaros</span> <span class='ocrx_word' id='word_1_165' title='bbox 1660 2175 1727 2236; x_wconf 93' lang='lat' dir='ltr'>et</span> <span class='ocrx_word' id='word_1_166' title='bbox 1764 2171 2042 2236; x_wconf 90' lang='lat' dir='ltr'>salutem</span> <span class='ocrx_word' id='word_1_167' title='bbox 2082 2171 2256 2257; x_wconf 85' lang='lat' dir='ltr'>tulit,</span> 
     </span>
     <span class='ocr_line' id='line_1_23' title="bbox 247 2258 2255 2343; baseline -0.001 -16"><span class='ocrx_word' id='word_1_168' title='bbox 247 2284 323 2327; x_wconf 93' lang='lat' dir='ltr'>ea</span> <span class='ocrx_word' id='word_1_169' title='bbox 353 2264 656 2327; x_wconf 89' lang='lat' dir='ltr'>.mortem</span> <span class='ocrx_word' id='word_1_170' title='bbox 714 2259 849 2324; x_wconf 84' lang='lat' dir='ltr'>illis</span> <span class='ocrx_word' id='word_1_171' title='bbox 909 2258 1305 2325; x_wconf 91' lang='lat' dir='ltr'>acerbiorem</span> <span class='ocrx_word' id='word_1_172' title='bbox 1365 2262 1432 2324; x_wconf 89' lang='lat' dir='ltr'>et</span> <span class='ocrx_word' id='word_1_173' title='bbox 1489 2258 1877 2343; x_wconf 90' lang='lat' dir='ltr'>supplicium</span> <span class='ocrx_word' id='word_1_174' title='bbox 1935 2260 2255 2325; x_wconf 90' lang='lat' dir='ltr'>maturius</span> 
     </span>
     <span class='ocr_line' id='line_1_24' title="bbox 245 2345 2256 2433; baseline -0.001 -19"><span class='ocrx_word' id='word_1_175' title='bbox 245 2350 463 2415; x_wconf 84' lang='lat' dir='ltr'>ferret.</span> <span class='ocrx_word' id='word_1_176' title='bbox 553 2347 720 2425; x_wconf 85' lang='lat' dir='ltr'>Quid</span> <span class='ocrx_word' id='word_1_177' title='bbox 774 2352 901 2432; x_wconf 90' lang='lat' dir='ltr'>est,</span> <span class='ocrx_word' id='word_1_178' title='bbox 952 2345 1235 2412; x_wconf 76' lang='lat' dir='ltr'>Verres?</span> <span class='ocrx_word' id='word_1_179' title='bbox 1302 2347 1456 2432; x_wconf 91' lang='lat' dir='ltr'>quid</span> <span class='ocrx_word' id='word_1_180' title='bbox 1512 2348 1595 2412; x_wconf 89' lang='lat' dir='ltr'>ad</span> <span class='ocrx_word' id='word_1_181' title='bbox 1647 2347 1807 2413; x_wconf 91' lang='lat' dir='ltr'>haec</span> <span class='ocrx_word' id='word_1_182' title='bbox 1858 2347 2109 2433; x_wconf 88' lang='lat' dir='ltr'>cogitas</span> <span class='ocrx_word' id='word_1_183' title='bbox 2156 2369 2256 2413; x_wconf 91' lang='lat' dir='ltr'>re-</span> 
     </span>
     <span class='ocr_line' id='line_1_25' title="bbox 156 2434 2255 2522; baseline 0.001 -24"><span class='ocrx_word' id='word_1_184' title='bbox 156 2454 219 2498; x_wconf 74' lang='lat'>8⁶</span> <span class='ocrx_word' id='word_1_185' title='bbox 249 2434 606 2522; x_wconf 76' lang='lat' dir='ltr'>spondere?</span> <span class='ocrx_word' id='word_1_186' title='bbox 650 2458 808 2501; x_wconf 93' lang='lat' dir='ltr'>num</span> <span class='ocrx_word' id='word_1_187' title='bbox 845 2435 1108 2500; x_wconf 91' lang='lat' dir='ltr'>mentiri</span> <span class='ocrx_word' id='word_1_188' title='bbox 1145 2457 1266 2520; x_wconf 91' lang='lat' dir='ltr'>me,</span> <span class='ocrx_word' id='word_1_189' title='bbox 1310 2457 1467 2501; x_wconf 91' lang='lat' dir='ltr'>num</span> <span class='ocrx_word' id='word_1_190' title='bbox 1503 2435 1747 2522; x_wconf 89' lang='lat' dir='ltr'>fingere</span> <span class='ocrx_word' id='word_1_191' title='bbox 1790 2435 2055 2521; x_wconf 91' lang='lat' dir='ltr'>aliquid,</span> <span class='ocrx_word' id='word_1_192' title='bbox 2097 2458 2255 2501; x_wconf 91' lang='lat' dir='ltr'>num</span> 
     </span>
     <span class='ocr_line' id='line_1_26' title="bbox 246 2523 2256 2697; baseline -0.002 -17"><span class='ocrx_word' id='word_1_193' title='bbox 246 2548 501 2680; x_wconf 50' lang='lat'>2353,</span> <span class='ocrx_word' id='word_1_194' title='bbox 536 2524 1040 2678; x_wconf 50' lang='grc' dir='ltr'>θέᾇῑῗθῖἶωῖἓῗ</span> <span class='ocrx_word' id='word_1_195' title='bbox 1095 2523 1276 2678; x_wconf 60' lang='grc' dir='ltr'>’ὲῗὲο</span> <span class='ocrx_word' id='word_1_196' title='bbox 1304 2524 1537 2696; x_wconf 52' lang='lat'>¹²33?</span> <span class='ocrx_word' id='word_1_197' title='bbox 1586 2523 1996 2712; x_wconf 47' lang='lat' dir='ltr'>3355?ssss</span> <span class='ocrx_word' id='word_1_198' title='bbox 2044 2523 2256 2694; x_wconf 60' lang='grc' dir='ltr'><em>ῗξξῗὲἑ</em></span> 
     </span>
     <span class='ocr_line' id='line_1_27' title="bbox 247 2698 2257 2785; baseline -0.002 -19"><span class='ocrx_word' id='word_1_199' title='bbox 247 2702 392 2766; x_wconf 91' lang='lat' dir='ltr'>sinu</span> <span class='ocrx_word' id='word_1_200' title='bbox 444 2701 702 2765; x_wconf 89' lang='lat' dir='ltr'>litteras</span> <span class='ocrx_word' id='word_1_201' title='bbox 749 2699 1327 2785; x_wconf 84' lang='lat' dir='ltr'>Syracusanorum,</span> <span class='ocrx_word' id='word_1_202' title='bbox 1381 2720 1543 2784; x_wconf 89' lang='lat' dir='ltr'>quas</span> <span class='ocrx_word' id='word_1_203' title='bbox 1599 2700 1725 2764; x_wconf 94' lang='lat' dir='ltr'>iste</span> <span class='ocrx_word' id='word_1_204' title='bbox 1782 2698 1864 2763; x_wconf 89' lang='lat' dir='ltr'>ad</span> <span class='ocrx_word' id='word_1_205' title='bbox 1910 2698 2257 2764; x_wconf 89' lang='lat' dir='ltr'>arbitrium</span> 
     </span>
     <span class='ocr_line' id='line_1_28' title="bbox 248 2786 2257 2871; baseline -0.002 -18"><span class='ocrx_word' id='word_1_206' title='bbox 248 2810 437 2853; x_wconf 91' lang='lat' dir='ltr'>suum</span> <span class='ocrx_word' id='word_1_207' title='bbox 464 2786 790 2853; x_wconf 84' lang='lat' dir='ltr'>confectas</span> <span class='ocrx_word' id='word_1_208' title='bbox 824 2807 964 2852; x_wconf 90' lang='lat' dir='ltr'>esse</span> <span class='ocrx_word' id='word_1_209' title='bbox 1002 2786 1377 2869; x_wconf 88' lang='lat' dir='ltr'>arbitratur,</span> <span class='ocrx_word' id='word_1_210' title='bbox 1414 2786 1569 2852; x_wconf 88' lang='lat' dir='ltr'>cedo</span> <span class='ocrx_word' id='word_1_211' title='bbox 1606 2786 1925 2851; x_wconf 86' lang='lat' dir='ltr'>rationem</span> <span class='ocrx_word' id='word_1_212' title='bbox 1962 2786 2257 2871; x_wconf 88' lang='lat' dir='ltr'>carceris,</span> 
     </span>
     <span class='ocr_line' id='line_1_29' title="bbox 158 2872 2255 2973; baseline -0.001 -34"><span class='ocrx_word' id='word_1_213' title='bbox 158 2893 220 2939; x_wconf 78' lang='lat' dir='ltr'>so</span> <span class='ocrx_word' id='word_1_214' title='bbox 249 2898 413 2962; x_wconf 90' lang='lat' dir='ltr'>quae</span> <span class='ocrx_word' id='word_1_215' title='bbox 463 2874 959 2961; x_wconf 89' lang='lat' dir='ltr'>diligentissime</span> <span class='ocrx_word' id='word_1_216' title='bbox 1006 2872 1370 2957; x_wconf 88' lang='lat' dir='ltr'>conficitur,</span> <span class='ocrx_word' id='word_1_217' title='bbox 1424 2895 1552 2958; x_wconf 92' lang='lat' dir='ltr'>quo</span> <span class='ocrx_word' id='word_1_218' title='bbox 1600 2874 1870 2973; x_wconf 83' lang='lat' dir='ltr'>quisque</span> <span class='ocrx_word' id='word_1_219' title='bbox 1917 2873 2018 2937; x_wconf 89' lang='lat' dir='ltr'>die</span> <span class='ocrx_word' id='word_1_220' title='bbox 2065 2873 2255 2939; x_wconf 91' lang='lat' dir='ltr'>datus</span> 
     </span>
     <span class='ocr_line' id='line_1_30' title="bbox 244 2960 2254 3046; baseline -0.002 -16"><span class='ocrx_word' id='word_1_221' title='bbox 244 2965 315 3030; x_wconf 93' lang='lat' dir='ltr'>in</span> <span class='ocrx_word' id='word_1_222' title='bbox 343 2962 720 3046; x_wconf 89' lang='lat' dir='ltr'>custodiam,</span> <span class='ocrx_word' id='word_1_223' title='bbox 758 2982 886 3046; x_wconf 92' lang='lat' dir='ltr'>quo</span> <span class='ocrx_word' id='word_1_224' title='bbox 913 2966 1229 3045; x_wconf 91' lang='lat' dir='ltr'>mortuus,</span> <span class='ocrx_word' id='word_1_225' title='bbox 1266 2982 1393 3045; x_wconf 93' lang='lat' dir='ltr'>quo</span> <span class='ocrx_word' id='word_1_226' title='bbox 1420 2964 1686 3027; x_wconf 90' lang='lat' dir='ltr'>necatus</span> <span class='ocrx_word' id='word_1_227' title='bbox 1726 2960 1829 3025; x_wconf 91' lang='lat' dir='ltr'>sit.</span> <span class='ocrx_word' id='word_1_228' title='bbox 1899 2961 2254 3026; x_wconf 75' lang='lat' dir='ltr'>LITTERAE</span> 
     </span>
     <span class='ocr_line' id='line_1_31' title="bbox 246 3047 2359 3136; baseline -0.003 -19"><span class='ocrx_word' id='word_1_229' title='bbox 246 3050 869 3119; x_wconf 78' lang='lat' dir='ltr'>SYRACUSANORUM.</span> <span class='ocrx_word' id='word_1_230' title='bbox 957 3047 1212 3114; x_wconf 92' lang='lat' dir='ltr'>Videtis</span> <span class='ocrx_word' id='word_1_231' title='bbox 1272 3048 1444 3113; x_wconf 88' lang='lat' dir='ltr'>cives</span> <span class='ocrx_word' id='word_1_232' title='bbox 1503 3049 1834 3114; x_wconf 87' lang='lat' dir='ltr'>Romanos</span> <span class='ocrx_word' id='word_1_233' title='bbox 1894 3049 2219 3136; x_wconf 90' lang='lat' dir='ltr'>gregatim</span> <span class='ocrx_word' id='word_1_234' title='bbox 2259 3061 2359 3111; x_wconf 83' lang='lat'>148</span> 
     </span>
     <span class='ocr_line' id='line_1_32' title="bbox 245 3136 2253 3223; baseline -0.002 -16.941"><span class='ocrx_word' id='word_1_235' title='bbox 245 3140 571 3208; x_wconf 90' lang='lat' dir='ltr'>coniectos</span> <span class='ocrx_word' id='word_1_236' title='bbox 626 3138 695 3203; x_wconf 92' lang='lat' dir='ltr'>in</span> <span class='ocrx_word' id='word_1_237' title='bbox 747 3137 1126 3221; x_wconf 86' lang='lat' dir='ltr'>lautumias,</span> <span class='ocrx_word' id='word_1_238' title='bbox 1188 3136 1423 3202; x_wconf 91' lang='lat' dir='ltr'>videtis</span> <span class='ocrx_word' id='word_1_239' title='bbox 1470 3136 1932 3223; x_wconf 78' lang='lat' dir='ltr'>indignissimo</span> <span class='ocrx_word' id='word_1_240' title='bbox 1987 3137 2056 3201; x_wconf 92' lang='lat' dir='ltr'>in</span> <span class='ocrx_word' id='word_1_241' title='bbox 2111 3137 2253 3203; x_wconf 88' lang='lat' dir='ltr'>loco</span> 
     </span>
     <span class='ocr_line' id='line_1_33' title="bbox 246 3223 2256 3302; baseline -0.003 -6"><span class='ocrx_word' id='word_1_242' title='bbox 246 3232 694 3296; x_wconf 89' lang='lat' dir='ltr'>coacervatam</span> <span class='ocrx_word' id='word_1_243' title='bbox 721 3225 1206 3292; x_wconf 90' lang='lat' dir='ltr'>multitudinem</span> <span class='ocrx_word' id='word_1_244' title='bbox 1232 3229 1599 3291; x_wconf 89' lang='lat' dir='ltr'>vestrorum</span> <span class='ocrx_word' id='word_1_245' title='bbox 1633 3225 1887 3291; x_wconf 90' lang='lat' dir='ltr'>civium.</span> <span class='ocrx_word' id='word_1_246' title='bbox 1953 3223 2256 3302; x_wconf 85' lang='lat' dir='ltr'>Quaerite</span> 
     </span>
     <span class='ocr_line' id='line_1_34' title="bbox 158 3313 2257 3470; baseline 0 -93"><span class='ocrx_word' id='word_1_247' title='bbox 158 3334 216 3377; x_wconf 70' lang='lat' dir='ltr'>ss</span> <span class='ocrx_word' id='word_1_248' title='bbox 244 3339 415 3384; x_wconf 94' lang='lat' dir='ltr'>nunc</span> <span class='ocrx_word' id='word_1_249' title='bbox 468 3315 774 3470; x_wconf 47' lang='grc' dir='ltr'>νεεῐίἔια,</span> <span class='ocrx_word' id='word_1_250' title='bbox 830 3315 1063 3399; x_wconf 90' lang='lat' dir='ltr'>quibus</span> <span class='ocrx_word' id='word_1_251' title='bbox 1110 3314 1321 3379; x_wconf 85' lang='lat' dir='ltr'>exitus</span> <span class='ocrx_word' id='word_1_252' title='bbox 1367 3334 1589 3380; x_wconf 89' lang='lat' dir='ltr'>eorum</span> <span class='ocrx_word' id='word_1_253' title='bbox 1635 3336 1713 3416; x_wconf 72' lang='lat' dir='ltr'>ex</span> <span class='ocrx_word' id='word_1_254' title='bbox 1758 3313 1875 3415; x_wconf 79' lang='lat' dir='ltr'>illo</span> <span class='ocrx_word' id='word_1_255' title='bbox 1907 3313 2065 3416; x_wconf 36' lang='lat' dir='ltr'>‘loco</span> <span class='ocrx_word' id='word_1_256' title='bbox 2112 3334 2257 3378; x_wconf 88' lang='lat' dir='ltr'>con·</span> 
     </span>
     <span class='ocr_line' id='line_1_35' title="bbox 244 3399 2258 3578; baseline -0.001 -20"><span class='ocrx_word' id='word_1_257' title='bbox 244 3409 611 3578; x_wconf 56' lang='grc' dir='ltr'>ἕὲἔὲἓὲἒὲθ,</span> <span class='ocrx_word' id='word_1_258' title='bbox 656 3404 1070 3559; x_wconf 53' lang='grc' dir='ltr'>ἵέἐῖθέῗὲεε</span> <span class='ocrx_word' id='word_1_259' title='bbox 1084 3399 1865 3558; x_wconf 48' lang='grc' dir='ltr'>(ιῗῗέᾭῗθῗὲἱξῗῖωῗι</span> <span class='ocrx_word' id='word_1_260' title='bbox 1887 3405 2258 3556; x_wconf 57' lang='grc' dir='ltr'>ιζῖἓέῗῖῖῗ</span> 
     </span>
    </p>
   </div>
   <div class='ocr_carea' id='block_1_3' title="bbox 1608 3593 1833 3649">
    <p class='ocr_par' dir='ltr' id='par_1_3' title="bbox 1608 3593 1833 3649">
     <span class='ocr_line' id='line_1_36' title="bbox 1608 3593 1833 3649; baseline -0.004 0"><span class='ocrx_word' id='word_1_261' title='bbox 1608 3628 1619 3638; x_wconf 82' lang='grc'><em>·</em></span> <span class='ocrx_word' id='word_1_262' title='bbox 1724 3593 1833 3649; x_wconf 87' lang='grc'>31*</span> 
     </span>
    </p>
   </div>
  </div>
 </body>
</html>
