2566 4016
819 182 953 235 LIB.
989 181 1069 235 III
1122 181 1278 237 OAP.
1321 189 1368 250 1,
1406 189 1438 236 2
1476 188 1506 248 ξ
1546 189 1698 238 1—4.
2143 185 2271 248 271

250 327 516 409 debent,
569 345 705 391 non
761 325 972 390 solum
1029 324 1184 410 quid
1231 325 1444 390 oneris
1490 325 1558 389 in
1602 326 1971 409 praesentia
2015 328 2274 412 tollant,

251 415 366 480 sed
422 416 739 498 quantum
792 412 863 476 in
919 434 1174 478 omnem
1229 414 1436 478 vitam
1489 413 1740 498 negotii
1795 415 2118 499 suscipere
2173 439 2275 486 eo-

248 506 504 569 nentur.
576 501 820 586 Legem
858 500 1029 565 enim
1069 501 1194 566 sibi
1229 500 1360 586 ipsi
1397 500 1617 565 dicunt
1652 501 2078 586 innocentiae,
2123 525 2275 569 con-

250 590 567 656 tinentiae
602 589 1048 673 virtutumque
1085 590 1396 673 omnium,
1435 589 1546 673 qui
1584 590 1668 654 ab
1707 590 1916 655 altero
1953 590 2274 655 rationem

166 697 196 738 5
250 680 429 745 vitae
473 680 850 762 reposcunt,
907 681 1101 760 atque
1148 699 1223 742 eo
1270 677 1512 762 magis,
1569 677 1625 741 si
1668 677 1761 759 id,
1805 682 1881 742 ut
1926 682 2078 743 ante
2124 679 2274 763 dixi,

249 767 500 832 faciunt
544 765 729 830 nulla
772 786 844 829 re
889 766 1202 830 commoti
1248 765 1382 830 alia
1423 765 1552 829 nisi
1596 765 1887 831 utilitate
1932 768 2273 831 communi.

249 853 426 920 Nam
462 854 573 938 qui
611 853 739 917 sibi
773 852 899 918 hoc
937 854 1235 937 sumpsit,
1278 857 1356 918 ut
1400 853 1689 938 corrigat
1735 875 1947 918 mores
1995 854 2270 919 aliorum
2309 872 2342 920 2

250 965 324 1009 ac
369 945 640 1028 peccata
684 940 1133 1024 reprehendat,
1177 942 1322 1025 quis
1367 941 1517 1006 huic
1563 941 1881 1026 ignoscat,
1926 945 1984 1006 si
2031 964 2160 1026 qua
2202 943 2274 1007 in

249 1053 320 1096 re
354 1030 497 1115 ipse
535 1030 618 1094 ab
654 1029 972 1114 religione
1010 1028 1207 1093 officii
1244 1029 1628 1094 declinarit?
1703 1028 2113 1114 Quapropter
2147 1030 2273 1096 hoe

170 1136 224 1176 10
252 1119 451 1184 etiam
504 1117 717 1202 magis
773 1117 857 1181 ab
914 1117 1215 1182 omnibus
1272 1117 1409 1181 eius
1465 1116 1644 1182 modi
1697 1116 1854 1182 civis
1910 1118 2271 1183 laudandus

252 1230 327 1272 ac
356 1205 721 1290 diligendus
751 1209 869 1289 est,
908 1206 1080 1289 quod
1114 1226 1249 1269 non
1285 1205 1501 1269 solum
1538 1204 1620 1268 ab
1658 1226 1728 1268 re
1766 1205 2029 1289 publica
2066 1206 2271 1270 civem

250 1294 602 1378 inprobum
648 1296 967 1376 removet,
1011 1314 1235 1357 verum
1282 1292 1486 1357 etiam
1533 1313 1600 1356 se
1645 1292 1863 1376 ipsum
1911 1293 2048 1357 eius
2096 1294 2271 1357 modi

250 1381 393 1445 fore
429 1381 773 1464 profitetur
810 1402 885 1445 ac
919 1383 1232 1465 praestat,
1268 1384 1345 1444 ut
1381 1380 1508 1444 sibi
1542 1401 1676 1445 non
1712 1380 1906 1445 modo
1945 1382 2272 1445 communi

249 1470 594 1535 voluntate
643 1469 906 1534 virtutis
954 1472 1148 1552 atque
1196 1468 1421 1552 officii,
1478 1468 1590 1531 sed
1636 1468 1834 1533 etiam
1878 1468 1947 1532 vi
1994 1468 2272 1552 quadam

171 1573 226 1615 1⁶
252 1557 464 1644 magis
500 1557 867 1623 necessaria
910 1560 1083 1622 recte
1130 1556 1218 1621 sit
1262 1556 1661 1639 honesteque
1707 1556 2071 1621 vivendum.
2142 1556 2272 1622 Ita·
2307 1564 2343 1612 3

253 1668 376 1730 que
410 1646 553 1730 hoc,
596 1645 858 1728 iudices,
904 1665 982 1708 ex
1016 1644 1280 1709 homine
1323 1643 1683 1709 clarissimo
1732 1647 1927 1728 atque
1975 1644 2273 1727 eloquen-

250 1734 527 1817 tissim0,
570 1732 642 1798 L.
681 1730 938 1833 Crasso,
985 1753 1175 1816 saepe
1219 1732 1514 1797 auditum
1560 1734 1678 1813 est,
1725 1753 1869 1796 cum
1917 1753 1985 1795 se
2029 1733 2272 1797 nullius

251 1821 349 1884 rei
402 1825 541 1884 tam
594 1820 925 1904 paenitere
982 1820 1248 1903 diceret,
1309 1840 1503 1903 quam
1562 1819 1734 1902 quod
1788 1817 1857 1884 C.
1906 1818 2272 1884 Carbonem

253 1929 564 1991 umquam
617 1907 685 1971 in
738 1907 1045 1972 iudicium
1099 1907 1492 1989 vocavisset3
1546 1906 1759 1970 minus
1812 1907 1982 1971 enim
2030 1907 2272 1971 liberas

173 2014 244 2056 so
256 1996 545 2062 omnium
618 2017 835 2060 rerum
898 1995 1271 2060 voluntates
1335 1995 1623 2061 habebat
1688 1999 1753 2059 et
1814 1993 2022 2059 vitam
2087 2018 2270 2061 suam

251 2085 579 2171 pluribus,
636 2105 832 2168 quam
884 2082 1111 2166 vellet,
1167 2084 1501 2149 observari
1556 2083 1760 2149 oculis
1808 2083 2272 2149 arbitrabatur.

252 2172 471 2257 Atque
523 2172 638 2236 ille
683 2171 787 2235 his
832 2132 1174 2255 praesidiis
1217 2171 1465 2256 ingenii
1507 2171 1934 2255 fortunaeque
1979 2172 2272 2236 munitus

252 2265 475 2325 tamen
509 2261 633 2324 hac
669 2281 824 2324 cura
863 2258 1336 2342 continebatur,
1383 2281 1574 2343 quam
1625 2260 1750 2324 sibi
1794 2259 2081 2325 nondum
2127 2282 2272 2325 con·

252 2349 514 2413 firmato
553 2348 840 2431 consili0,
879 2347 992 2412 sed
1027 2348 1291 2412 ineunte
1329 2350 1543 2412 aetate
1581 2352 1967 2432 susceperat.
2041 2347 2276 2450 Quam-

172 2453 227 2494 85
254 2459 450 2521 quam
513 2436 726 2501 minus
792 2436 991 2501 etiam
1053 2435 1445 2521 perspicitur
1504 2456 1726 2500 eorum
1785 2437 1993 2501 virtus
2055 2441 2121 2501 et
2179 2436 2276 2501 in-

253 2525 531 2611 tegritas
539 2575 557 2609 ,
622 2525 734 2610 qui
797 2524 879 2589 ad
934 2524 1103 2589 hanc
1156 2546 1296 2589 rem
1352 2523 1845 2607 adulescentuli,
1911 2547 2105 2609 quam
2163 2526 2275 2609 qui

252 2614 386 2678 iam
418 2614 681 2678 firmata
726 2616 943 2677 aetate
989 2611 1403 2677 descendunt.
1482 2609 1595 2674 Illi
1642 2612 1831 2694 enim,
1879 2616 2030 2677 ante
2076 2634 2274 2695 quam

251 2704 606 2784 potuerunt
656 2700 1055 2783 existimare,
1111 2703 1356 2784 quanto
1403 2697 1670 2763 liberior
1715 2699 1852 2763 vita
1899 2700 1985 2763 sit
2032 2721 2274 2784 eorum,

257 2786 368 2870 qui
429 2787 750 2851 neminem
789 2787 1201 2872 accusarint,
1258 2786 1505 2872 gloriae
1560 2807 1755 2851 causa
1810 2791 2006 2871 atque
2063 2790 2273 2851 osten-

172 2894 228 2934 so
252 2873 528 2938 tationis
593 2878 924 2958 accusant3
985 2896 1134 2959 nos,
1198 2876 1310 2958 qui
1371 2875 1531 2957 iam,
1596 2878 1661 2937 et
1725 2874 1878 2958 quid
1934 2873 2145 2938 facere
2206 2878 2274 2939 et

255 2961 642 3047 quantulum
687 2961 968 3027 iudicare
1012 2984 1381 3047 possemne,
1435 2961 1863 3045 ostendimus,
1906 2962 2033 3025 nisi
2079 2960 2271 3026 facile

255 3050 644 3136 cupiditates
674 3053 935 3113 nostras
970 3054 1358 3134 teneremus,
1391 3071 1744 3133 numquam
1782 3048 2045 3132 ipsimet
2080 3049 2271 3113 nobis

252 3138 767 3225 praecideremus
822 3136 1020 3201 istam
1064 3138 1398 3202 licentiam
1451 3136 1950 3221 libertatemque
1995 3136 2271 3202 vivendi.

387 3227 606 3310 Atque
635 3246 758 3312 ego
785 3225 911 3289 hoe
937 3225 1085 3310 plus
1119 3226 1334 3290 oneris
1371 3225 1601 3309 habe0,
1639 3246 1834 3309 quam
1873 3225 1985 3308 qui
2021 3228 2269 3290 ceteros
2299 3198 2346 3323 Ξ

172 3332 226 3374 ⁸⁵
251 3319 639 3381 accusarunt
703 3312 790 3398 (si
848 3333 1012 3377 onus
1067 3316 1169 3377 est
1221 3313 1290 3377 id
1346 3313 1831 3398 appellandum,
1896 3312 2069 3397 quod
2125 3334 2269 3378 cum

251 3404 509 3468 laetitia
551 3402 725 3468 feras
773 3423 847 3467 ac
892 3400 1259 3486 voluptate)
1308 3438 1392 3448 —
1439 3423 1663 3466 verum
1708 3405 1933 3468 tamen
1979 3422 2101 3488 ego
2146 3401 2272 3466 hoc

254 3491 534 3575 amplius
587 3490 839 3576 suscepi
888 3512 1084 3575 quam
1130 3490 1354 3575 ceteri,
1412 3490 1583 3575 quod
1627 3490 1722 3556 ita
1768 3491 2140 3577 postulatur
2175 3485 2269 3553 ab
