2566 4016
657 241 793 297 ΜΒ.
831 242 910 297 IV
974 242 1127 299 CAP.
1168 250 1252 312 66,
1291 250 1358 301 6⁷
1395 250 1427 311 ς
1467 249 1761 301 148—151.
2088 245 2216 309 427

206 385 404 469 blice,
468 406 661 469 quam
707 385 900 450 Verri
954 388 1282 453 dederunt.
1373 386 1634 473 Negare
1697 409 1830 453 non
1893 393 2218 473 poterunt.

205 472 629 539 Frumentum
670 474 752 538 ab
791 474 872 537 iis
912 477 1344 559 sumpseritne
1381 473 1452 540 G.
1471 476 1732 560 VerreS,
1768 476 1937 560 quod
1974 499 2059 562 po
2107 479 2217 542 ulo

207 562 503 627 Romano
551 563 859 646 mitteret,
906 561 1099 628 sicuti
1145 563 1526 647 superiores.
1608 562 1979 649 Negabunt.
2053 500 2220 639 <guid

208 650 491 715 militum
521 654 635 715 aut
660 652 1008 715 nautarum
1035 671 1151 735 per
1184 650 1538 716 triennium
1575 651 1883 716 dederint.
1946 650 2220 717 Nullum

150 753 181 796 ⁵
210 738 432 804 datum
493 737 721 827 dicent.
810 736 1036 803 Fuisse
1078 737 1450 804 Messanam
1505 740 1792 804 omnium
1847 739 2037 804 istius
2091 738 2221 805 fur-

206 830 423 892 torum
461 847 537 891 ac
570 825 954 910 praedarum
992 827 1410 911 receptricem
1445 848 1684 912 negare
1720 849 1852 893 non
1886 831 2222 913 poterunt3

206 914 533 999 permulta
568 914 795 979 multis
830 914 1106 980 navibus
1149 914 1332 979 illinc
1373 919 1732 1000 exportata,
1775 915 1943 981 hanc
1988 937 2220 983 navem

207 1002 479 1087 denique
527 1001 874 1068 maximam
923 1025 962 1067 a
1002 1002 1410 1068 Mamertinis
1457 1003 1679 1068 datam
1724 1007 2026 1069 onustam
2073 1027 2221 1070 cum

206 1091 336 1155 isto
390 1089 753 1174 profectam
797 1089 1193 1155 fatebuntur.
1275 1089 1485 1165 Quam
1532 1090 1615 1156 ob
1662 1112 1801 1156 rem
1844 1092 1970 1156 tibi
2012 1091 2183 1157 habe
2224 1104 2321 1153 151

123 1193 182 1234 ιο
210 1197 364 1242 sane
409 1177 607 1241 istam
653 1176 1095 1242 laudationem
1133 1176 1698 1262 Mamertinorum3
1746 1175 2218 1262 Syracusanam

209 1264 467 1350 quidem
530 1263 885 1346 civitatem,
948 1268 1023 1329 ut
1086 1265 1202 1330 abs
1262 1269 1329 1330 te
1385 1265 1638 1331 adfecta
1693 1270 1820 1350 est,
1881 1266 1978 1331 ita
2029 1267 2099 1330 in
2151 1270 2219 1330 te

208 1370 349 1417 esse
396 1351 750 1417 animatam
797 1351 1115 1438 videmus,
1161 1353 1332 1439 apud
1378 1376 1541 1438 quos
1587 1354 1787 1419 etiam
1822 1352 2056 1420 Verria
2099 1354 2218 1419 illa

207 1440 539 1526 flagitiosa
591 1440 853 1504 sublata
906 1445 1075 1506 sunt.
1164 1440 1431 1507 Etenim
1486 1442 1749 1507 minime
1794 1443 2219 1508 conveniebat

209 1530 268 1593 ei
306 1528 571 1593 deorum
606 1527 886 1593 honores
923 1528 1168 1614 haberi,
1214 1530 1326 1614 qui
1364 1531 1713 1597 simulacra
1759 1530 2025 1596 deorum
2073 1531 2217 1596 abs-

123 1631 180 1673 15
208 1616 484 1681 tulisset.
572 1615 795 1681 Etiam
850 1617 1111 1683 hercule
1163 1617 1330 1683 illud
1380 1619 1452 1683 in
1506 1617 1928 1703 Syracusanis
1983 1618 2217 1684 merito

207 1704 808 1789 reprehenderetur,
877 1706 960 1789 si,
1027 1728 1173 1771 cum
1236 1706 1408 1771 diem
1471 1705 1711 1771 festum
1776 1706 2077 1789 ludorum
2141 1706 2219 1770 de

205 1791 395 1857 fastis
436 1792 568 1856 suis
607 1792 1025 1858 sustulissent
1071 1792 1561 1859 celeberrimum
1608 1798 1675 1858 et
1720 1793 2219 1876 sanctissimum,

208 1879 381 1962 quod
444 1900 519 1943 eo
573 1879 717 1963 ipso
772 1880 874 1942 die
928 1878 1283 1963 Syracusae
1339 1903 1378 1945 a
1431 1880 1741 1946 Marcello
1797 1884 2023 1964 captae
2079 1902 2219 1946 esse

209 1967 532 2050 dicuntur,
596 1965 766 2031 idem
827 1966 995 2031 diem
1054 1968 1295 2033 festum
1338 1966 1564 2034 Verris
1617 1967 1876 2034 nomine
1932 1972 2219 2055 agerent,

122 2071 183 2113 20
209 2078 355 2122 cum
418 2055 544 2119 iste
599 2076 639 2119 a
692 2052 1141 2140 Syracusanis,
1204 2078 1370 2140 quae
1431 2057 1545 2121 ille
1608 2056 2027 2122 calamitosus
2083 2058 2218 2122 dies

206 2144 578 2228 reliquerat,
624 2142 987 2208 ademisset.
1043 2142 1147 2227 Ac
1181 2143 1397 2209 videte
1432 2144 1714 2210 hominis
1751 2144 2217 2229 impudentiam

208 2234 404 2315 atque
469 2230 942 2316 arrogantiam,
1013 2231 1281 2315 iudiceS,
1347 2233 1458 2317 qui
1519 2255 1651 2299 non
1717 2232 1931 2298 solum
1983 2231 2219 2298 Verria

206 2319 368 2384 haec
394 2318 614 2403 turpia
642 2340 718 2383 ac
745 2318 1018 2384 ridicula
1053 2341 1129 2383 ex
1157 2318 1446 2387 Heraclii
1481 2321 1754 2406 pecunia
1789 2321 2219 2405 constituerit,

208 2428 430 2472 verum
496 2406 694 2471 etiam
749 2405 1081 2473 Marcellia
1142 2409 1295 2473 tolli
1356 2408 1719 2493 imperarit,
1782 2412 1857 2475 ut
1920 2410 1980 2474 ei
2035 2431 2219 2494 sacra

120 2509 180 2553 2⁵
207 2494 495 2561 facerent
522 2495 889 2580 quotannis,
925 2496 1105 2561 cuius
1135 2517 1334 2581 opera
1359 2498 1647 2564 omnium
1680 2519 1996 2563 annorum
2034 2519 2218 2564 sacra

208 2583 489 2668 deosque
542 2584 790 2668 patrios
847 2583 1226 2671 amiserant,
1282 2586 1420 2650 eius
1476 2590 1692 2653 autem
1746 2586 2034 2652 familiae
2080 2586 2215 2652 dies

204 2671 409 2738 festos
450 2671 787 2757 tollerent,
830 2693 948 2759 per
993 2695 1188 2758 quam
1236 2678 1485 2740 ceteros
1533 2696 1786 2761 quoque
1828 2674 2034 2740 festos
2082 2674 2217 2739 dies

206 2763 679 2843 recuperarant.
