2566 4016
337 233 467 296 288
933 227 1013 283 IN
1051 227 1111 286 C.
1139 225 1449 282 VERREM
1485 226 1647 283 ACT.
1685 226 1753 282 11.

338 376 501 441 mihi
539 372 794 440 adfecta
837 373 980 437 visa
1024 375 1144 454 est,
1188 375 1265 435 ut
1310 392 1423 436 eae
1468 375 1681 436 terrae
1728 370 1963 453 solent,
2005 368 2077 433 in
2123 368 2354 452 quibus

337 465 585 530 bellum
649 461 953 527 acerbum
1018 459 1520 543 diuturnumque
1574 462 1908 524 versatum
1963 460 2082 521 est.
2184 455 2354 532 Quos

340 574 462 638 ego
500 572 766 635 campos
813 553 1006 614 antea
1052 548 1381 631 collesque
1426 546 1856 611 nitidissimos
1901 544 2356 610 viridissimos-

341 662 464 725 que
482 639 806 721 vidissem,
833 638 955 701 hos
973 637 1070 700 ita
1096 639 1393 701 vastatos
1421 656 1592 699 nunc
1619 656 1695 699 ac
1723 634 2014 698 desertos
2041 632 2356 716 videbam,

339 733 415 793 ut
469 749 628 813 ager
672 727 811 810 ipse
857 725 1174 790 cultorem
1222 723 1586 788 desiderare
1633 744 1709 788 ac
1754 723 1979 807 lugere
2027 720 2356 786 dominum
2380 739 2405 780 5

340 815 683 881 videretur.
779 810 1195 876 Herbitensis
1260 833 1419 897 ager
1476 815 1545 876 et
1599 809 1993 893 Hennensis,
2056 807 2356 895 Murgen-

340 905 536 986 tinus,
564 899 937 983 Assorinus‚
972 898 1465 982 Imacharensis,
1491 897 1923 999 Agyrinensis
1960 898 2058 962 ita
2093 898 2358 963 relictus

342 994 483 1055 erat
540 1011 618 1054 ex
670 989 957 1053 maxima
1009 991 1223 1072 parte,
1281 991 1358 1051 ut
1408 1009 1542 1052 non
1598 988 1810 1052 solum
1863 985 2193 1072 iugorum,
2248 985 2361 1050 sed

341 1079 543 1143 etiam
562 1076 971 1142 dominorum
994 1075 1481 1139 multitudinem
1509 1095 1982 1159 quaereremus,
2010 1073 2360 1138 Aetnensis

341 1189 495 1231 vero
533 1186 709 1251 ager,
747 1164 859 1249 qui
895 1163 1153 1228 solebat
1189 1184 1333 1228 esse
1368 1163 1786 1246 cultissimus,
1823 1167 1911 1247 et,
1955 1161 2128 1246 quod
2164 1166 2362 1246 caput
2390 1182 2441 1222 ιο

342 1259 445 1320 est
498 1255 590 1319 rei
639 1252 1133 1334 frumentariae,
1187 1273 1453 1337 campus
1498 1250 1884 1333 LeontinuS,
1940 1250 2121 1315 cuius
2169 1254 2363 1316 antea

344 1342 588 1427 species
635 1341 797 1405 haec
842 1344 1009 1423 erat,
1054 1343 1154 1424 ut,
1199 1362 1348 1405 cum
1394 1339 1682 1404 obsitum
1728 1338 2020 1423 vidisses,
2066 1360 2362 1404 annonae

343 1430 685 1494 caritatem
738 1450 871 1493 non
916 1390 1208 1493 vererere
1219 1478 1237 1510 ,
1295 1428 1387 1492 sic
1429 1432 1572 1493 erat
1619 1426 1926 1492 deformis
1973 1431 2171 1510 atque
2214 1427 2364 1492 hor-

342 1516 549 1599 riduS,
602 1519 677 1579 ut
730 1515 800 1580 in
848 1515 1179 1580 uberrima
1223 1513 1482 1580 Siciliae
1527 1519 1713 1600 parte
1759 1513 2049 1580 Siciliam
2095 1536 2363 1598 quaere-

342 1625 585 1686 remus3
655 1603 1086 1669 labefactarat
1154 1603 1328 1668 enim
1393 1603 1809 1668 vehementer
1872 1607 2164 1673 aratores
2225 1603 2367 1669 iam
2394 1622 2445 1662 ιε,

237 1664 323 1790 ἐξ
345 1692 640 1777 superior
677 1713 903 1774 annus,
947 1690 1280 1774 proximus
1318 1712 1472 1756 vero
1506 1690 1799 1756 funditus
1847 1694 2187 1756 everterat.
2261 1690 2366 1756 Tu

344 1781 508 1846 mihi
563 1781 761 1844 etiam
818 1779 1013 1844 audes
1064 1779 1460 1845 mentionem
1503 1779 1717 1844 facere
1764 1779 2223 1844 decumarum?
2284 1783 2366 1844 tu

342 1870 413 1933 in
467 1872 654 1933 tanta
709 1866 1160 1969 improbitate,
1221 1868 1292 1931 in
1345 1871 1534 1933 tanta
1579 1867 1963 1950 acerbitate,
2023 1868 2094 1931 in
2136 1871 2242 1932 tot
2284 1889 2365 1932 ac

342 1957 547 2022 tantis
583 1956 857 2039 iniuriiS,
901 1978 1049 2021 cum
1082 1956 1154 2021 in
1198 1955 1602 2022 arationibus
1647 1958 1715 2020 et
1758 1955 1829 2020 in
1875 1977 2096 2021 earum
2142 1976 2366 2021 rerum

342 2046 483 2111 iure
536 2045 871 2130 provincia
917 2043 1139 2110 Sicilia
1193 2046 1536 2127 consistat,
1592 2045 1834 2109 eversis
1878 2044 2171 2108 funditus
2219 2067 2366 2109 ara-
2392 2061 2448 2101 20

342 2134 616 2217 toribus,
664 2133 908 2197 relictis
948 2133 1144 2217 agris,
1190 2155 1337 2197 cum
1372 2134 1443 2197 in
1477 2132 1810 2217 provincia
1849 2136 1989 2197 tam
2035 2133 2369 2217 locuplete

343 2242 420 2286 ac
454 2220 697 2284 referta
730 2241 865 2284 non
900 2220 1092 2284 modo
1139 2241 1295 2303 rem,
1342 2221 1455 2283 sed
1493 2242 1574 2283 ne
1622 2242 1805 2305 spem
1850 2220 2109 2304 quidem
2153 2222 2369 2286 ullam

343 2308 663 2390 reliquam
700 2306 1002 2389 cuiquam
1035 2306 1285 2391 feceriS,
1331 2307 1578 2392 aliquid
1622 2311 1689 2372 te
1729 2309 2049 2392 ‘populare
2093 2309 2369 2391 putabis

341 2395 612 2475 habere,
674 2414 821 2457 cum
880 2393 1051 2457 dices
1115 2397 1183 2458 te
1236 2396 1445 2479 pluris
1501 2417 1696 2480 quam
1751 2399 1999 2461 ceteros
2057 2396 2370 2463 decumas
2537 2455 2538 2460 ,

340 2480 750 2546 vendidisse?
849 2480 1050 2557 Quasi
1110 2503 1264 2548 vero
1332 2487 1445 2548 aut
1504 2484 1785 2568 populus
1837 2484 2170 2550 Romanus
2236 2486 2373 2553 hoc
2400 2502 2451 2541 ²⁵

341 2568 624 2634 voluerit
653 2591 661 2598 ·
688 2572 802 2633 aut
867 2574 1129 2635 senatus
1193 2571 1319 2636 tibi
1373 2572 1498 2636 hoc
1552 2572 1984 2657 mandaverit,
2047 2576 2148 2656 ut,
2214 2595 2374 2640 cum
2537 2585 2538 2588 ’

344 2678 568 2723 omnes
606 2660 940 2722 aratorum
975 2657 1272 2723 fortunas
1312 2659 1724 2725 decumarum
1759 2661 2021 2725 nomine
2058 2662 2374 2745 eripereS,

339 2747 412 2811 in
446 2748 781 2830 posterum
815 2745 1034 2811 fructu
1073 2747 1190 2812 illo
1238 2748 1705 2831 commodoque
1748 2747 2219 2813 frumentariae
2264 2751 2375 2816 rei

340 2835 656 2919 populum
698 2833 1069 2899 Romanum
1112 2835 1422 2919 privareS,
1469 2834 1712 2919 deinde,
1758 2836 1815 2899 si
1861 2858 2055 2920 quam
2100 2842 2375 2921 partem

340 2927 491 2987 tuae
528 2922 805 3006 praedae
844 2923 926 2987 ad
961 2945 1282 2987 summam
1320 2923 1730 2989 decumarum
1773 2924 2148 3008 addidisses,
2195 2926 2377 2992 bene
2404 2943 2459 2983 ³0

342 3010 419 3075 de
491 3031 562 3074 re
639 3010 927 3094 publica,
1009 3011 1172 3076 bene
1246 3010 1324 3075 de
1396 3012 1639 3096 populo
1712 3011 2008 3078 Romano
2087 3013 2377 3080 meritus

340 3098 645 3164 viderere,

475 3185 692 3269 Atque
754 3184 1021 3270 perinde
1085 3187 1345 3271 loquor,
1410 3188 1597 3270 quasi
1648 3187 1718 3251 in
1772 3209 1849 3252 eo
1907 3187 1995 3252 sit
2046 3189 2140 3253 ini
2142 3190 2381 3275 quitus

343 3273 479 3337 eius
515 3273 1056 3357 reprehendenda,
1101 3274 1274 3359 quod
1309 3279 1579 3359 propter
1620 3276 1870 3361 gloriae
1915 3277 2463 3424 cupiditatem,ae

340 3363 417 3421 ut
472 3359 732 3442 aliquos
782 3382 1034 3426 summa
1077 3361 1393 3427 frumenti
1440 3363 1775 3429 decumani
1816 3364 2131 3449 vinceret,
2190 3388 2383 3433 acer·
2537 3409 2538 3452 1

341 3442 592 3508 biorem
646 3447 885 3531 legem,
946 3449 1207 3515 duriora
1260 3450 1472 3516 edicta
1523 3452 2014 3537 interposuerit,
2069 3455 2384 3520 omnium

242 3539 307 3586 49
347 3530 748 3610 superiorum
811 3537 1269 3603 auctoritatem
1333 3539 1707 3624 repudiarit.
1812 3540 2053 3627 Magno
2117 3545 2197 3607 tu
2264 3543 2387 3608 de-
