2566 4016
711 203 851 264 ΜΒ.
889 205 971 261 111
1035 205 1191 262 CAP.
1229 212 1437 262 49—61
1478 212 1508 273 s
1549 213 1842 264 lle—120.
2152 208 2280 272 317

255 351 369 420 HS
405 372 456 417 D
504 351 692 417 milia
736 349 1038 417 fortasse.
1116 350 1262 415 Hoc
1306 372 1515 435 neque
1561 352 1857 436 exemplo
1905 353 2281 435 cuiusquam

255 463 466 526 neque
529 440 671 505 iure
733 439 873 503 ullo
934 438 1093 504 fecit
1152 460 1360 523 neque
1415 460 1560 505 eam
1612 440 1948 524 pecuniam
2005 441 2281 525 rettulit,

257 551 467 614 neque
495 528 621 594 hoc
657 549 936 612 parvum
971 525 1217 592 crimen
1253 548 1444 610 quem
1482 527 1565 592 ad
1601 529 1863 592 modum
1901 527 2278 594 defensurus

261 619 377 703 sit,
422 617 621 687 homo
668 615 1012 699 quisquam
1056 637 1363 699 umquam
1409 615 1825 701 excogitabit.

205 723 234 764 ⁵
398 705 585 782 Quod
620 726 767 770 cum
803 703 898 769 ita
932 703 1040 786 sit,
1077 703 1271 768 audes
1317 703 1524 769 dicere
1560 708 1628 769 te
1665 723 1904 789 magno
1942 703 2242 769 decumas
2283 717 2382 766 119

261 793 653 877 vendidisse,
708 812 856 857 cum
909 791 997 858 sit
1051 791 1463 877 perspicuum
1518 795 1584 856 te
1638 792 1812 858 bona
1854 791 2279 876 fortunasque

261 885 596 949 aratorum
641 901 775 946 non
818 879 1046 964 populi
1080 878 1379 962 Romani,
1425 880 1538 944 sed
1581 880 1681 945 tui
1731 884 2038 965 quaestus
2084 902 2280 945 causa

259 968 672 1037 vendidisse?
754 966 875 1051 Ut,
932 968 990 1031 si
1045 968 1157 1052 qui
1208 968 1440 1034 vilicus
1497 989 1574 1032 ex
1627 989 1702 1033 eo
1746 967 1974 1053 fundo,
2030 968 2141 1052 qui
2187 989 2279 1033 se-

261 1059 493 1125 stertia
536 1057 703 1122 dena
748 1056 1147 1139 meritasset,
1195 1055 1426 1120 excisis
1474 1056 1816 1121 arboribus
1863 1079 1939 1121 ac
1982 1056 2280 1140 venditis,

181 1161 236 1201 ¹0
264 1146 544 1229 demptis
595 1144 870 1230 tegulis,
920 1144 1384 1225 instrumento,
1435 1166 1666 1228 pecore
1712 1144 2111 1227 abalienato,
2168 1145 2280 1209 do-

264 1235 443 1300 mino
481 1251 580 1298 xx
614 1232 797 1297 milia
831 1253 1167 1297 nummum
1203 1253 1324 1316 pro
1362 1251 1411 1295 x
1449 1232 1721 1316 miserit,
1765 1232 1893 1298 sibi
1929 1232 2059 1297 alia
2097 1252 2279 1316 prae-

264 1327 447 1387 terea
501 1324 759 1386 centum
811 1319 1187 1403 confecerit,
1242 1320 1458 1405 primo
1513 1320 1809 1385 dominus
1864 1321 2131 1405 ignarus
2186 1320 2280 1384 in-

132 1466 145 1479 .
265 1409 587 1477 commodi
624 1408 725 1473 sui
762 1409 1043 1495 gaudeat
1086 1408 1409 1492 vilicoque
1455 1408 1828 1493 delectetur,
1875 1409 2047 1492 quod
2090 1412 2278 1473 tanto

263 1499 413 1584 plus
452 1498 579 1563 sibi
615 1497 928 1562 mercedis
966 1518 1044 1561 ex
1082 1496 1283 1561 fundo
1328 1496 1644 1562 refectum
1690 1496 1798 1581 sit,
1842 1497 2088 1580 deinde,
2133 1518 2280 1562 cum

187 1598 239 1640 1⁵
266 1586 544 1653 audierit
590 1606 700 1650 eas
744 1605 869 1669 res,
915 1584 1148 1669 quibus
1192 1584 1378 1649 fundi
1421 1585 1671 1651 fructus
1718 1590 1785 1651 et
1829 1586 2087 1651 cultura
2134 1607 2280 1651 con-

263 1676 529 1758 tinetur,
573 1676 830 1739 amotas
876 1676 943 1737 et
986 1672 1304 1757 venditae,
1348 1695 1602 1739 summo
1649 1674 1967 1759 supplicio
2013 1674 2278 1739 vilicum

247 1763 511 1830 afficiat
547 1765 615 1826 et
651 1782 868 1826 secum
903 1760 1075 1826 male
1112 1765 1331 1827 actum
1375 1765 1588 1846 putet:
1632 1762 1789 1827 item
1837 1761 2118 1846 populus
2154 1759 2279 1825 Ro-

267 1871 516 1932 manus,
553 1871 699 1915 cum
728 1849 908 1914 audit
941 1849 1148 1933 pluris
1188 1849 1488 1916 decumas
1524 1849 1887 1914 vendidisse
1915 1847 1985 1914 C.
2003 1847 2278 1913 Verrem

267 1961 461 2025 quam
498 1937 1097 2003 innocentissimum
1131 1937 1482 2023 hominem,
1528 1937 1630 2001 cui
1672 1937 1799 2001 iste
1845 1935 2173 2020 successit,
2208 1935 2278 2001 C.

186 2041 240 2083 ²0
264 2027 700 2111 Sacerdotem,
743 2030 935 2111 putat
972 2048 1040 2091 se
1084 2026 1330 2091 bonum
1373 2026 1445 2091 in
1488 2025 1891 2091 arationibus
1936 2024 2279 2090 fructibus-

266 2139 391 2202 que
437 2117 570 2182 suis
616 2116 922 2180 habuisse
968 2114 1302 2180 custodem
1348 2135 1423 2178 ac
1466 2113 1756 2197 vilicum3
1812 2135 1957 2178 cum
2003 2112 2279 2178 senserit

263 2206 467 2270 istum
522 2226 711 2269 omne
759 2204 1266 2268 instrumentum
1313 2206 1671 2287 aratorum,
1728 2202 1946 2268 omnia
1991 2202 2281 2267 subsidia

267 2292 688 2377 vectigalium
724 2291 1107 2377 vendidisse,
1152 2313 1410 2357 omnem
1453 2312 1635 2377 spem
1679 2290 2086 2376 posteritatis
2134 2312 2279 2355 ava-

269 2380 424 2445 ritia
496 2402 613 2445 sua
684 2380 1054 2462 sustulisse,
1127 2380 1455 2445 arationes
1521 2384 1586 2445 et
1659 2401 1853 2466 agros
1924 2379 2279 2465 vectigales

188 2480 241 2521 2⁵
270 2472 563 2535 vastasse
627 2471 822 2553 atque
879 2467 1266 2552 exinanisse,
1328 2469 1544 2554 ipsum
1599 2468 1915 2534 maximos
1972 2471 2278 2554 quaestus

267 2557 666 2642 praedasque
718 2557 976 2640 fecisse,
1029 2556 1373 2642 intelleget
1426 2578 1644 2623 secum
1693 2578 1833 2622 esse
1880 2560 2096 2621 actum
2141 2577 2282 2641 pes-

270 2646 450 2728 sime,
475 2646 678 2711 istum
701 2649 919 2711 autem
945 2666 1197 2710 summo
1226 2645 1546 2729 supplicio
1570 2645 1636 2710 di
1727 2667 1840 2710 um
1864 2644 2280 2709 existimabit.
2301 2693 2383 2756 51

402 2731 590 2796 Unde
626 2754 784 2817 ergo
820 2733 945 2797 hoc
984 2732 1282 2819 intellegi
1317 2734 1580 2817 potest?
1711 2755 1752 2797 x
1786 2733 1912 2797 hoc
1948 2732 2248 2814 maxime,
2287 2769 2388 2819 120

272 2817 445 2902 quod
480 2839 637 2903 ager
672 2820 1061 2886 decumanus
1097 2821 1467 2905 provinciae
1495 2818 1753 2886 Siciliae
1789 2823 2057 2905 propter
2091 2818 2281 2883 istius

188 2922 244 2963 80
273 2905 619 2972 avaritiam
672 2907 964 2972 desertus
1019 2913 1138 2975 est.
1226 2908 1452 2992 Neque
1507 2908 1574 2973 id
1629 2908 1842 2973 solum
1898 2906 2157 2989 accidit,
2211 2910 2285 2971 ut

269 2995 318 3060 ii
360 2994 573 3059 minus
620 2995 848 3059 multis
894 2996 1066 3081 iugis
1114 3001 1394 3079 ararent,
1440 2996 1497 3061 si
1543 2996 1654 3080 qui
1698 2997 1767 3060 in
1813 2996 1991 3080 agris
2037 3016 2285 3059 reman-

271 3086 522 3167 serunt,
596 3083 708 3148 sed
776 3082 975 3148 etiam
1037 3086 1113 3148 ut
1174 3084 1487 3169 permulti
1549 3084 1905 3168 locupletes
1967 3082 2285 3166 homines,

269 3171 495 3256 magni
550 3174 617 3235 et
671 3170 870 3257 gnavi
924 3175 1244 3256 aratores,
1300 3193 1494 3259 agros
1541 3173 1712 3238 latos
1761 3193 1835 3237 ac
1878 3171 2130 3236 fertiles
2178 3171 2285 3235 de-

269 3264 559 3325 sererent
621 3263 925 3343 totasque
989 3260 1315 3325 arationes
1370 3261 1905 3344 derelinquerent.
1994 3257 2072 3323 Id
2126 3258 2284 3324 adeo

186 3362 242 3405 8⁵
271 3347 423 3413 sciri
484 3347 795 3414 facillime
858 3351 1077 3432 potest
1140 3369 1219 3413 ex
1278 3349 1518 3414 litteris
1583 3349 1862 3434 publicis
1928 3348 2285 3431 civitatum,

268 3440 617 3520 propterea
645 3438 819 3521 quod
846 3437 992 3523 lege
1017 3434 1368 3503 Hieronica
1393 3459 1700 3503 numerus
1733 3441 2065 3503 aratorum
2102 3440 2286 3521 quot-

272 3523 459 3588 annis
515 3526 689 3609 apud
742 3527 1169 3613 magistratus
1223 3526 1482 3612 publice
1533 3526 1977 3593 subscribitur.
2058 3525 2287 3608 Recita
