2566 4016
284 198 414 263 152
882 196 962 251 IN
1000 194 1058 251 C.
1087 194 1398 250 VERREM
1433 194 1593 249 Ac'r.
1630 194 1700 250 ΙΙ.

280 344 568 425 ficerent,
601 362 706 426 ne,
741 362 933 425 quem
963 360 1155 406 nemo
1190 339 1406 426 prima
1441 338 1695 405 actione
1732 337 2072 406 defendere
2107 363 2308 409 ausus

283 434 475 512 esset,
520 451 667 496 eum
705 449 828 513 ego
872 427 976 495 bis
1020 448 1326 493 accusare
1368 449 1502 493 non
1543 447 1846 511 possem»
1892 427 2040 513 Ego
2088 451 2305 498 meum

283 517 627 585 consilium
654 539 801 582 cum
827 515 1165 599 iudicibus,
1209 518 1353 582 tum
1388 514 1639 615 populo
1660 514 1956 581 Romano
1997 518 2304 602 probavi3

281 628 473 672 nemo
510 610 629 689 est,
673 604 787 689 qui
823 604 957 669 alia
999 603 1253 669 ratione
1298 603 1576 669 istorum
1619 602 1896 668 iniuriae
1940 606 2274 688 atqueim

282 693 630 780 pudentiae
700 692 993 792 potuisse
1064 690 1298 757 obsi8ti
1369 691 1741 757 arbitretur.
1839 690 2105 759 Etenim
2175 716 2306 778 qua
2330 715 2361 757 ε

286 782 572 848 stultitia
606 780 895 864 fuissem,
932 779 1007 862 si,
1044 801 1241 863 quam
1277 778 1469 863 diem,
1514 779 1626 864 qui
1661 779 1865 844 istum
1901 780 2305 865 eripiendum

283 871 721 952 redemerunt,
774 868 846 933 in
898 868 1196 933 cautione
1250 866 1579 951 viderunt,
1632 889 1779 932 cum
1826 867 1925 933 ita
1970 874 2302 935 caverent·

286 958 376 1023 8i
428 961 582 1043 post
634 955 964 1021 Kalendas
1017 954 1154 1020 Ian.
1197 954 1274 1020 in
1323 955 1666 1021 consilium
1719 954 1978 1041 iretur',
2031 957 2101 1021 in
2154 978 2302 1022 eam

176 1056 247 1106 32
286 1046 454 1111 diem
510 1065 633 1130 ego
641 1094 660 1130 ,
713 1066 859 1110 cum
911 1044 1271 1146 potuissem
1321 1043 1556 1127 vitare,
1609 1043 2021 1109 incidissem?
2108 1043 2302 1111 Nunc

283 1134 448 1200 mihi
508 1132 823 1217 temporis
885 1132 1052 1217 eius,
1116 1131 1289 1215 quod
1346 1131 1509 1197 mihi
1563 1132 1644 1197 ad
1700 1131 2038 1198 dicendum
2089 1133 2300 1218 datur,
2329 1156 2387 1197 ιο

285 1222 593 1307 quoniam
645 1221 717 1287 in
769 1220 986 1286 animo
1034 1224 1135 1284 est
1178 1241 1442 1286 causam
1487 1241 1747 1286 omnem
1793 1241 2138 1305 expensa,
2187 1220 2303 1287 ha·

285 1310 498 1376 benda
540 1309 714 1375 ratio
761 1313 862 1374 est
908 1308 1274 1394 diligenter.

181 1392 267 1457 12
418 1397 649 1481 Itaque
702 1397 986 1481 primum
1038 1396 1230 1462 illum
1285 1399 1503 1462 actum
1549 1396 1742 1461 istius
1785 1396 1962 1462 vitae
2005 1397 2305 1482 turpissi-

286 1507 465 1552 mum
512 1488 579 1550 et
619 1484 1210 1570 flagitiosissimum
1262 1484 1801 1569 praetermittam.
1879 1484 2068 1550 Nihil
2115 1508 2156 1551 a
2199 1507 2305 1551 me

286 1574 364 1639 de
427 1572 746 1657 pueritiae
807 1594 961 1639 suae
1017 1571 1288 1659 flagitiis
1348 1572 1593 1655 audiet,
1654 1572 1823 1638 nihil
1877 1594 1957 1638 ex
2008 1572 2130 1638 illa
2182 1574 2304 1639 im·
2333 1593 2386 1636 18

284 1684 451 1748 pura
496 1661 935 1727 adulescentia
981 1682 1125 1746 sua;
1180 1682 1346 1744 quac
1391 1660 1605 1744 qualis
1649 1659 1876 1744 fuerit,
1921 1665 2038 1727 aut
2082 1662 2303 1727 memi-

283 1750 477 1815 nistis
535 1753 651 1815 aut
700 1771 779 1815 ex
825 1771 928 1834 cO,
983 1770 1176 1832 quem
1221 1748 1325 1813 sui
1369 1748 1776 1813 simillimum
1820 1748 2153 1834 produxit,
2202 1771 2303 1814 re-

287 1859 674 1924 cognoscere
745 1837 1042 1921 potestis.
1142 1835 1379 1902 Omnia
1442 1836 1841 1922 praeteribo,
1913 1859 2079 1921 quae
2142 1837 2305 1902 mihi

284 1926 505 2012 turpia
566 1925 744 1991 dictu
813 1924 1229 2004 videbuntur,
1300 1946 1509 2010 neque
1574 1924 1813 2008 solum,
1886 1925 2039 2010 quid
2099 1925 2305 1990 istum

286 2015 526 2099 audire,
569 2037 795 2080 verum
842 2014 1066 2099 etiam,
1122 2014 1279 2098 quid
1321 2035 1428 2078 me
1473 2014 1694 2079 deceat
1740 2013 1972 2097 dicere,
2015 2014 2304 2080 conside·
2329 2035 2388 2076 sc

284 2104 465 2168 rabo,
535 2101 694 2186 Vos,
739 2124 999 2186 quaeso,
1046 2102 1196 2166 date
1231 2102 1359 2167 hoc
1394 2105 1464 2166 et
1497 2101 1829 2167 concedite
1862 2101 2093 2187 pudori
2135 2123 2303 2186 meo,

284 2195 361 2257 ut
396 2191 684 2274 aliquam
727 2193 985 2274 partem
1031 2189 1110 2253 de
1152 2189 1349 2254 istius
1390 2189 1796 2274 impudentia
1838 2190 2107 2254 reticere
2149 2211 2304 2274 pos-

182 2285 250 2335 33
290 2278 431 2343 sim.
521 2276 727 2341 Omne
775 2277 942 2340 illud
994 2279 1277 2361 tempus,
1343 2278 1516 2361 quod
1566 2277 1719 2360 fuit,
1775 2281 2129 2362 antequam
2176 2278 2305 2343 iste

288 2365 369 2430 ad
410 2364 840 2448 magistratus
883 2386 1148 2448 remque
1192 2365 1521 2450 publicam
1567 2366 1860 2450 accessit,
1901 2366 2144 2431 habeat
2187 2388 2307 2467 per

287 2473 390 2516 me
455 2450 742 2516 solutum
804 2474 880 2517 ac
941 2451 1249 2536 liberum3
1313 2452 1584 2518 sileatur
1642 2453 1723 2519 de
1773 2454 2109 2518 nocturnis
2164 2454 2302 2519 eius
2329 2473 2385 2515 π

286 2539 821 2605 bacchationibus
876 2562 952 2606 ac
1004 2540 1278 2626 vigiliis,
1333 2541 1666 2624 lenonum,
1719 2542 2111 2626 aleatorum,
2161 2564 2306 2627 per-

288 2628 628 2694 ductorum
662 2629 852 2693 nulla
883 2629 1129 2693 mentio
1164 2630 1301 2713 fiat,
1339 2629 1594 2713 damna,
1630 2591 1960 2715 dedecora,
1996 2651 2162 2714 quae
2195 2651 2305 2695 res

284 2716 497 2801 patris
524 2716 681 2801 eius,
706 2719 889 2782 aetas
915 2717 1124 2801 ipsius
1149 2717 1440 2802 pertulit,
1471 2720 1983 2803 praetereantur,
2017 2719 2307 2783 lucretur

283 2805 521 2870 indicia
554 2805 796 2870 veteris
831 2805 1160 2890 infamiae,
1200 2805 1493 2907 patiatur
1536 2805 1673 2870 eius
1717 2806 1858 2870 vita
1901 2805 2154 2890 reliqua
2197 2827 2304 2871 me

177 2897 249 2946 34
283 2893 452 2958 hanc
492 2896 750 2958 tantam
784 2893 1103 2959 iacturam
1137 2893 1484 2959 criminum
1526 2893 1758 2959 facere.
1831 2893 2153 2970 Quaestor
2188 2893 2304 2960 Gn.
2332 2911 2387 2952 ω

281 2976 547 3066 Papirio
612 2982 876 3048 consule
938 2980 1125 3047 fuisti
1188 2981 1426 3047 abhinc
1488 3003 1693 3048 amos
1766 2981 2305 3066 quattuordecim.

280 3069 382 3135 Ex
445 3092 524 3136 ea
585 3070 689 3135 die
753 3070 836 3136 ad
896 3070 1067 3135 hanc
1129 3069 1299 3134 diem
1354 3091 1520 3154 quae
1571 3070 1814 3154 fecisti,
1874 3070 1947 3134 in
1996 3069 2308 3136 iudicium

281 3180 471 3241 voc03
526 3158 692 3226 hora
742 3159 930 3224 nulla
982 3179 1188 3223 vacua
1232 3181 1276 3223 a
1316 3157 1524 3242 furto,
1580 3158 1847 3242 scelere,
1901 3157 2309 3241 crudelitate,

281 3244 536 3331 flagitio
582 3247 960 3331 reperietur.
1050 3245 1142 3311 Hi
1189 3249 1343 3311 sunt
1386 3246 1539 3311 anni
1587 3246 1958 3331 consumpti
1999 3246 2072 3311 in
2118 3267 2309 3330 quae·

283 3336 467 3397 stura
504 3337 573 3397 et
606 3334 937 3420 legatione
956 3333 1251 3400 Asiatica
1289 3338 1356 3398 et
1390 3338 1700 3419 praetura
1733 3335 1987 3399 urbana
2024 3338 2092 3399 et
2126 3355 2309 3419 prae·
2336 3349 2394 3391 ⁸⁵

282 3423 433 3483 tura
463 3417 815 3485 Siciliensi
906 3421 1117 3497 Quare
1172 3422 1333 3487 haec
1389 3422 1613 3487 eadem
1660 3422 1786 3487 erit
1832 3421 2313 3508 quadripertita

283 3505 659 3572 distributio
704 3508 910 3574 totius
958 3509 1389 3575 accusationis
1433 3531 1653 3575 meae.
