2566 4016
304 211 436 276 312
894 210 977 264 IN
1015 211 1072 265 C.
1111 210 1418 266 VERREM
1453 211 1613 266 AcT.
1650 212 1720 267 11.

305 357 496 439 dices,
533 356 705 440 quod
733 355 985 421 utinam
1024 355 1223 420 dicas!
1272 355 1356 419 ad
1382 355 1747 440 Apronium
1781 377 1915 422 non
1949 357 2328 441 pervenisse

304 448 581 510 tantum.
662 443 769 509 Ita
813 448 881 508 te
924 465 1057 508 non
1102 443 1294 508 modo
1340 443 1619 529 publicis
1664 443 1919 528 tenebo,
1964 444 2078 509 sed
2121 445 2320 510 etiam

304 532 580 618 privatis
620 535 954 597 aratorum
989 531 1403 616 pactionibus
1442 552 1517 596 ac
1554 531 1816 616 litteris,
1860 536 1937 597 ut
1969 533 2321 619 intellegas

303 643 434 685 non
488 625 557 685 te
613 620 1092 706 diligentiorem
1146 619 1217 684 in
1268 619 1585 684 faciundis
1639 618 1839 684 fuisse
1883 619 2080 685 furtis
2127 642 2320 705 quam

305 731 411 774 me
463 709 534 772 in
579 708 1144 793 deprehendendis.
1233 706 1378 773 Hoc
1421 711 1497 772 tu
1541 708 1753 772 feres?
1807 708 1932 773 hoc
1978 708 2322 792 quisquam
2350 725 2381 767 ⁵

307 797 647 861 defendet?
709 796 834 860 hoc
884 795 983 880 hi,
1039 796 1096 860 si
1151 795 1344 860 aliter
1398 795 1477 860 de
1530 799 1598 859 te
1644 799 1930 861 statuere
1977 797 2324 880 voluerint,

308 884 764 950 sustinebunt?
844 882 993 948 Uno
1031 883 1314 948 adventu
1355 905 1432 948 cx
1475 905 1607 948 uno
1651 904 1815 970 agro
1853 884 1929 960 Q.
1957 883 2324 967 Apronium

304 975 566 1056 praeter
633 993 803 1055 eam,
867 993 1062 1056 quam
1117 970 1275 1054 dixi,
1338 971 1679 1055 pecuniam
1731 976 2141 1037 numeratam
2195 989 2325 1038 ccc

200 1071 305 1123 108
343 1059 529 1124 milia
563 1060 732 1125 mod.
758 1058 963 1124 tritici
998 1059 1164 1124 lucri
1197 1059 1458 1124 nomine
1492 1059 1879 1124 sustulisse?
1942 1058 2153 1134 Quid?
2195 1060 2327 1125 hoc

307 1147 669 1214 Aetnenses
716 1147 841 1214 soli
886 1147 1150 1212 dicunt?
1229 1146 1440 1212 Immo
1486 1147 1685 1212 etiam
1731 1146 2163 1232 Centuripini,
2209 1149 2325 1232 qui
2357 1167 2415 1208 10

309 1237 453 1323 agri
513 1236 864 1302 Aetnensis
936 1237 1144 1301 multo
1216 1236 1567 1300 maximam
1637 1239 1893 1320 partem
1959 1236 2325 1320 possident3

307 1346 583 1408 quorum
639 1324 906 1410 legatis,
962 1323 1338 1389 hominibus
1391 1323 1848 1407 nobilissimis,
1904 1323 2199 1389 Androni
2259 1328 2328 1389 et

304 1412 667 1494 Artemoni,
713 1415 976 1476 senatus
1013 1433 1090 1476 ea
1129 1411 1441 1476 mandata
1485 1411 1680 1494 dedit,
1725 1432 1889 1496 quae
1934 1411 2194 1495 publice
2240 1413 2326 1476 ad

307 1498 639 1564 civitatem
696 1499 988 1582 ipsorum
1040 1498 1483 1582 pertinebant3
1546 1499 1623 1563 de
1676 1499 1759 1563 iis
1815 1499 2096 1583 iniuriiS,
2161 1521 2324 1583 quas

306 1586 478 1652 cives
526 1584 933 1670 Centuripini
979 1607 1112 1650 non
1155 1586 1227 1651 in
1270 1586 1434 1669 suis,
1489 1586 1601 1651 sed
1644 1588 1715 1651 in
1759 1586 2036 1652 aliorum
2082 1588 2322 1652 finibus
2352 1605 2410 1647 ιε

306 1676 716 1758 acceperant,
778 1677 1041 1739 senatus
1105 1676 1171 1738 et
1223 1675 1503 1759 populus
1548 1672 2010 1759 Centuripinus
2063 1675 2323 1760 legatos

303 1762 518 1828 noluit
553 1762 841 1846 mittere3
885 1762 1016 1846 ipsi
1055 1766 1347 1827 aratores
1384 1761 1812 1847 Centuripini,
1858 1762 1971 1846 qui
2012 1785 2323 1829 numerus

305 1854 408 1916 est
460 1851 530 1915 in
574 1848 796 1916 Sicilia
848 1850 1168 1916 maximus
1216 1851 1554 1916 hominum
1598 1851 2211 1916 honestissimorum
2257 1857 2326 1916 et

305 1939 982 2025 locupletissimorum,
1016 1942 1153 2004 tres
1190 1939 1467 2026 legatos,
1503 1938 1674 2004 cives
1712 1960 1883 2025 suos,
1922 1939 2324 2027 delegerunt,

304 2032 380 2092 ut
416 2049 639 2093 eorum
673 2028 1052 2094 testimonio
1087 2049 1221 2093 nen
1264 2028 1455 2093 unius
1502 2028 1664 2114 agri,
1709 2027 1820 2091 sed
1864 2049 2067 2113 prope
2111 2030 2323 2094 totius
2350 2047 2405 2087 no

305 2113 563 2181 Siciliae
622 2116 1030 2181 calamitates
1087 2116 1583 2200 cognosceretis.
1681 2115 1896 2180 Arant
1949 2117 2120 2181 enim
2176 2120 2326 2183 tota

306 2200 528 2269 Sicilia
562 2204 698 2268 fere
735 2201 1161 2286 Centuripini,
1207 2207 1274 2267 et
1318 2202 1443 2269 hoc
1485 2204 1557 2268 in
1599 2207 1668 2268 te
1713 2204 2021 2269 certiores
2068 2205 2324 2290 gravio·

304 2312 534 2374 resque
578 2293 783 2353 testes
831 2293 1010 2373 sunt,
1065 2290 1238 2374 quod
1282 2294 1534 2356 ceterae
1579 2292 1878 2357 civitates
1924 2292 2058 2357 suis
2107 2293 2323 2359 solum
2521 2283 2522 2356 l

303 2377 730 2442 incommodis
785 2381 1299 2463 commoventur,
1353 2377 1786 2463 Centuripini,
1842 2380 2012 2464 quod
2066 2380 2137 2444 in
2184 2403 2323 2446 om·
2521 2383 2522 2394 ’

157 2537 163 2548 ,
303 2464 485 2528 nium
512 2463 647 2528 fere
674 2465 913 2529 finibus
940 2466 1384 2550 possessiones
1419 2467 1684 2551 habent,
1720 2468 1919 2533 etiam
1956 2471 2321 2535 ceterarum
2347 2485 2401 2527 ²⁶

194 2602 241 2665 4
244 2602 286 2667 6
305 2551 644 2617 civitatum
690 2552 927 2618 damna
972 2576 1047 2619 ac
1092 2554 1484 2619 detrimenta
1528 2559 1885 2620 senserunt.

200 2679 302 2729 109
435 2639 705 2726 Verum,
768 2641 869 2706 uti
930 2642 1087 2725 dixi,
1148 2644 1320 2707 ratio
1382 2646 1561 2708 certa
1614 2647 1717 2708 est
1767 2643 2194 2710 Aetnensium
2255 2650 2323 2711 et

303 2729 579 2813 publicis
609 2733 675 2794 et
701 2730 977 2814 privatis
1006 2730 1246 2795 litteris
1274 2730 1683 2816 consignata3
1721 2753 1901 2797 meae
1939 2731 2323 2818 diligentiae
2521 2803 2522 2814 χ

301 2839 575 2901 pensum
601 2818 814 2903 magis
840 2818 909 2882 in
935 2818 1253 2884 Leontino
1293 2840 1453 2905 agro
1491 2823 1591 2883 est
1628 2820 2011 2903 exigendum
2045 2826 2323 2906 propter
2521 2817 2522 2852 ¹

300 2905 469 2971 hanc
533 2928 822 2990 causam,
888 2907 1060 2991 quod
1121 2907 1248 2990 ipsi
1302 2906 1604 2971 Leontini
1664 2908 1922 2992 publice
1974 2930 2109 2973 non
2137 2921 2319 2975 'sane
2345 2927 2400 2967 ω

302 2995 580 3059 multum
618 3016 722 3059 me
759 2994 1169 3077 adiuverunt3
1213 3016 1420 3079 neque
1467 2996 1637 3059 enim
1684 3017 1794 3060 eos
1839 2996 1970 3060 isto
2013 3001 2321 3080 praetore

299 3081 462 3146 haec
526 3081 1024 3147 decumanorum
1075 3082 1349 3147 iniuriae
1404 3083 1758 3167 laeserunt,
1820 3083 2042 3169 potius
2099 3085 2322 3170 etiam,
2411 3133 2422 3148 ,

298 3169 572 3252 iudices,
635 3169 1034 3235 adiuverunt.
1133 3170 1373 3235 Mirum
1432 3170 1713 3236 fortasse
1769 3171 1897 3237 hoc
1954 3172 2143 3237 vobis
2204 3178 2323 3239 aut

299 3254 678 3322 incredibile
740 3257 1063 3341 videatur,
1123 3258 1194 3322 in
1245 3258 1451 3323 tantis
1507 3263 1837 3324 aratorum
1890 3260 2322 3327 incommodis

299 3339 684 3427 Leontinos,
729 3346 840 3429 qui
875 3345 1200 3431 principes
1245 3347 1342 3412 rei
1385 3347 1850 3413 frumentariae
1894 3347 2165 3432 fuerint,
2211 3371 2322 3413 ex·
2346 3363 2400 3406 ³⁵
2521 3387 2522 3414 1

300 3426 507 3506 pertis
569 3429 1124 3498 incommodorum
1178 3437 1376 3519 atque
1429 3436 1812 3500 iniuriarum
1864 3435 2083 3501 fuisse.
2173 3435 2323 3502 Hoc
2521 3449 2522 3464 ¹

301 3529 533 3575 causae
596 3519 726 3599 est,
786 3518 1058 3607 iudices,
1122 3523 1293 3604 quod
1346 3522 1418 3588 in
1470 3545 1630 3607 agro
1684 3523 2001 3591 Leontino
2052 3528 2323 3609 praeter
