<?xml version="1.0" encoding="UTF-8"?>
<!DOCTYPE html PUBLIC "-//W3C//DTD XHTML 1.0 Transitional//EN"
    "http://www.w3.org/TR/xhtml1/DTD/xhtml1-transitional.dtd">
<html xmlns="http://www.w3.org/1999/xhtml" xml:lang="en" lang="en">
 <head>
  <title>
</title>
<meta http-equiv="Content-Type" content="text/html;charset=utf-8" />
  <meta name='ocr-system' content='tesseract 3.04.00' />
  <meta name='ocr-capabilities' content='ocr_page ocr_carea ocr_par ocr_line ocrx_word'/>
</head>
<body>
  <div class='ocr_page' id='page_1' title='image "./scriptaquaemans00klotgoog_0340.png"; bbox 0 0 2566 4016; ppageno 0'>
   <div class='ocr_carea' id='block_1_1' title="bbox 278 202 1685 271">
    <p class='ocr_par' dir='ltr' id='par_1_1' title="bbox 278 202 1685 271">
     <span class='ocr_line' id='line_1_1' title="bbox 278 202 1685 271; baseline -0.009 1"><span class='ocrx_word' id='word_1_1' title='bbox 278 208 408 271; x_wconf 81' lang='grc'>222</span> <span class='ocrx_word' id='word_1_2' title='bbox 878 205 956 259; x_wconf 87' lang='lat' dir='ltr'>IN</span> <span class='ocrx_word' id='word_1_3' title='bbox 995 205 1051 260; x_wconf 81' lang='lat' dir='ltr'>C.</span> <span class='ocrx_word' id='word_1_4' title='bbox 1081 202 1393 259; x_wconf 82' lang='lat' dir='ltr'>VERREM</span> <span class='ocrx_word' id='word_1_5' title='bbox 1427 203 1581 259; x_wconf 85' lang='lat' dir='ltr'>ACT.</span> <span class='ocrx_word' id='word_1_6' title='bbox 1619 205 1685 260; x_wconf 90' lang='lat'>11.</span> 
     </span>
    </p>
   </div>
   <div class='ocr_carea' id='block_1_2' title="bbox 173 348 2396 3597">
    <p class='ocr_par' dir='ltr' id='par_1_2' title="bbox 248 348 2291 700">
     <span class='ocr_line' id='line_1_2' title="bbox 279 348 2291 435; baseline 0 -20"><span class='ocrx_word' id='word_1_7' title='bbox 279 350 687 435; x_wconf 79' lang='lat' dir='ltr'>quindeciens</span> <span class='ocrx_word' id='word_1_8' title='bbox 741 350 1030 435; x_wconf 85' lang='lat' dir='ltr'>pecunia.</span> <span class='ocrx_word' id='word_1_9' title='bbox 1119 348 1361 414; x_wconf 89' lang='lat' dir='ltr'>Utrum</span> <span class='ocrx_word' id='word_1_10' title='bbox 1417 369 1520 412; x_wconf 92' lang='lat' dir='ltr'>res</span> <span class='ocrx_word' id='word_1_11' title='bbox 1579 349 1661 412; x_wconf 90' lang='lat' dir='ltr'>ab</span> <span class='ocrx_word' id='word_1_12' title='bbox 1716 348 1904 412; x_wconf 92' lang='lat' dir='ltr'>initio</span> <span class='ocrx_word' id='word_1_13' title='bbox 1956 349 2052 414; x_wconf 85' lang='lat' dir='ltr'>ita</span> <span class='ocrx_word' id='word_1_14' title='bbox 2097 348 2291 424; x_wconf 83' lang='lat' dir='ltr'>ducta</span> 
     </span>
     <span class='ocr_line' id='line_1_3' title="bbox 279 436 2290 521; baseline -0.001 -17"><span class='ocrx_word' id='word_1_15' title='bbox 279 443 378 504; x_wconf 92' lang='lat' dir='ltr'>est</span> <span class='ocrx_word' id='word_1_16' title='bbox 432 461 516 504; x_wconf 85' lang='lat' dir='ltr'>an</span> <span class='ocrx_word' id='word_1_17' title='bbox 571 438 654 502; x_wconf 90' lang='lat' dir='ltr'>ad</span> <span class='ocrx_word' id='word_1_18' title='bbox 708 442 1067 503; x_wconf 86' lang='lat' dir='ltr'>extremum</span> <span class='ocrx_word' id='word_1_19' title='bbox 1122 437 1217 500; x_wconf 88' lang='lat' dir='ltr'>ita</span> <span class='ocrx_word' id='word_1_20' title='bbox 1268 437 1607 521; x_wconf 89' lang='lat' dir='ltr'>perducta,</span> <span class='ocrx_word' id='word_1_21' title='bbox 1663 458 1748 500; x_wconf 89' lang='grc'>011</span> <span class='ocrx_word' id='word_1_22' title='bbox 1801 436 1897 500; x_wconf 90' lang='lat' dir='ltr'>ita</span> <span class='ocrx_word' id='word_1_23' title='bbox 1940 459 2145 520; x_wconf 87' lang='lat' dir='ltr'>parva</span> <span class='ocrx_word' id='word_1_24' title='bbox 2191 442 2290 502; x_wconf 89' lang='lat' dir='ltr'>est</span> 
     </span>
     <span class='ocr_line' id='line_1_4' title="bbox 248 523 2290 610; baseline -0.001 -19"><span class='ocrx_word' id='word_1_25' title='bbox 248 526 546 610; x_wconf 42' lang='lat' dir='ltr'>*pecunia</span> <span class='ocrx_word' id='word_1_26' title='bbox 610 547 694 591; x_wconf 86' lang='lat' dir='ltr'>an</span> <span class='ocrx_word' id='word_1_27' title='bbox 755 526 812 590; x_wconf 90' lang='lat' dir='ltr'>is</span> <span class='ocrx_word' id='word_1_28' title='bbox 880 526 1129 605; x_wconf 91' lang='lat' dir='ltr'>[homo]</span> <span class='ocrx_word' id='word_1_29' title='bbox 1185 523 1424 589; x_wconf 87' lang='lat' dir='ltr'>Verres</span> <span class='ocrx_word' id='word_1_30' title='bbox 1434 575 1452 608; x_wconf 92' lang='lat'>,</span> <span class='ocrx_word' id='word_1_31' title='bbox 1523 527 1599 589; x_wconf 91' lang='lat' dir='ltr'>ut</span> <span class='ocrx_word' id='word_1_32' title='bbox 1660 524 1846 607; x_wconf 89' lang='lat' dir='ltr'>haec,</span> <span class='ocrx_word' id='word_1_33' title='bbox 1912 546 2075 608; x_wconf 88' lang='lat' dir='ltr'>quae</span> <span class='ocrx_word' id='word_1_34' title='bbox 2141 525 2290 609; x_wconf 84' lang='lat' dir='ltr'>dixi,</span> 
     </span>
     <span class='ocr_line' id='line_1_5' title="bbox 278 613 1327 700; baseline -0.002 -22"><span class='ocrx_word' id='word_1_35' title='bbox 278 615 486 700; x_wconf 89' lang='lat' dir='ltr'>gratis</span> <span class='ocrx_word' id='word_1_36' title='bbox 531 613 710 679; x_wconf 87' lang='lat' dir='ltr'>facta</span> <span class='ocrx_word' id='word_1_37' title='bbox 752 613 1094 681; x_wconf 76' lang='lat' dir='ltr'>videantur</span> <span class='ocrx_word' id='word_1_38' title='bbox 1141 613 1327 677; x_wconf 83' lang='lat' dir='ltr'>esse?</span> 
     </span>
    </p>

    <p class='ocr_par' dir='ltr' id='par_1_3' title="bbox 173 698 2372 1399">
     <span class='ocr_line' id='line_1_6' title="bbox 173 698 2365 783; baseline -0.002 -18"><span class='ocrx_word' id='word_1_39' title='bbox 173 718 238 766; x_wconf 82' lang='lat'>62</span> <span class='ocrx_word' id='word_1_40' title='bbox 408 702 534 766; x_wconf 89' lang='lat' dir='ltr'>Hic</span> <span class='ocrx_word' id='word_1_41' title='bbox 594 724 764 767; x_wconf 89' lang='lat' dir='ltr'>nunc</span> <span class='ocrx_word' id='word_1_42' title='bbox 819 701 896 765; x_wconf 93' lang='lat' dir='ltr'>de</span> <span class='ocrx_word' id='word_1_43' title='bbox 952 700 1214 766; x_wconf 90' lang='lat' dir='ltr'>miseria</span> <span class='ocrx_word' id='word_1_44' title='bbox 1266 698 1658 782; x_wconf 80' lang='lat' dir='ltr'>Siculorum,</span> <span class='ocrx_word' id='word_1_45' title='bbox 1721 699 1961 765; x_wconf 85' lang='lat' dir='ltr'>iudices</span> <span class='ocrx_word' id='word_1_46' title='bbox 1971 750 1988 783; x_wconf 92' lang='lat'>,</span> <span class='ocrx_word' id='word_1_47' title='bbox 2053 701 2284 766; x_wconf 89' lang='lat' dir='ltr'>audite.</span> <span class='ocrx_word' id='word_1_48' title='bbox 2338 721 2365 761; x_wconf 78' lang='lat'>⁵</span> 
     </span>
     <span class='ocr_line' id='line_1_7' title="bbox 277 786 2288 873; baseline -0 -20"><span class='ocrx_word' id='word_1_49' title='bbox 277 788 367 853; x_wconf 85' lang='lat' dir='ltr'>Et</span> <span class='ocrx_word' id='word_1_50' title='bbox 428 789 769 853; x_wconf 81' lang='lat' dir='ltr'>Heraclius</span> <span class='ocrx_word' id='word_1_51' title='bbox 830 789 945 852; x_wconf 91' lang='lat' dir='ltr'>ille</span> <span class='ocrx_word' id='word_1_52' title='bbox 1008 786 1447 871; x_wconf 82' lang='lat' dir='ltr'>Syracusanus</span> <span class='ocrx_word' id='word_1_53' title='bbox 1510 792 1578 852; x_wconf 92' lang='lat' dir='ltr'>et</span> <span class='ocrx_word' id='word_1_54' title='bbox 1639 788 1746 853; x_wconf 98' lang='grc'>1110</span> <span class='ocrx_word' id='word_1_55' title='bbox 1808 787 2079 852; x_wconf 83' lang='lat' dir='ltr'>Bidinus</span> <span class='ocrx_word' id='word_1_56' title='bbox 2137 787 2288 873; x_wconf 85' lang='lat' dir='ltr'>Epi-</span> 
     </span>
     <span class='ocr_line' id='line_1_8' title="bbox 278 876 2282 960; baseline -0 -19"><span class='ocrx_word' id='word_1_57' title='bbox 278 880 488 942; x_wconf 87' lang='lat' dir='ltr'>crates</span> <span class='ocrx_word' id='word_1_58' title='bbox 526 877 779 960; x_wconf 85' lang='lat' dir='ltr'>expulsi</span> <span class='ocrx_word' id='word_1_59' title='bbox 817 876 1004 941; x_wconf 90' lang='lat' dir='ltr'>bonis</span> <span class='ocrx_word' id='word_1_60' title='bbox 1044 876 1343 941; x_wconf 88' lang='lat' dir='ltr'>omnibus</span> <span class='ocrx_word' id='word_1_61' title='bbox 1381 876 1659 940; x_wconf 88' lang='lat' dir='ltr'><strong>Romam</strong></span> <span class='ocrx_word' id='word_1_62' title='bbox 1699 880 2040 959; x_wconf 83' lang='lat' dir='ltr'>venerunt3</span> <span class='ocrx_word' id='word_1_63' title='bbox 2087 877 2282 941; x_wconf 88' lang='lat' dir='ltr'>sordi-</span> 
     </span>
     <span class='ocr_line' id='line_1_9' title="bbox 278 964 2287 1049; baseline 0 -21"><span class='ocrx_word' id='word_1_64' title='bbox 278 965 434 1047; x_wconf 89' lang='lat' dir='ltr'>dati,</span> <span class='ocrx_word' id='word_1_65' title='bbox 474 964 758 1028; x_wconf 86' lang='lat' dir='ltr'>maxima</span> <span class='ocrx_word' id='word_1_66' title='bbox 794 964 998 1029; x_wconf 87' lang='lat' dir='ltr'>barba</span> <span class='ocrx_word' id='word_1_67' title='bbox 1036 967 1102 1029; x_wconf 93' lang='lat' dir='ltr'>et</span> <span class='ocrx_word' id='word_1_68' title='bbox 1142 964 1381 1047; x_wconf 87' lang='lat' dir='ltr'>capillo</span> <span class='ocrx_word' id='word_1_69' title='bbox 1418 964 1663 1028; x_wconf 89' lang='lat' dir='ltr'>Romae</span> <span class='ocrx_word' id='word_1_70' title='bbox 1710 964 2041 1029; x_wconf 89' lang='lat' dir='ltr'>biennium</span> <span class='ocrx_word' id='word_1_71' title='bbox 2085 986 2287 1049; x_wconf 91' lang='lat' dir='ltr'>prope</span> 
     </span>
     <span class='ocr_line' id='line_1_10' title="bbox 277 1050 2286 1136; baseline 0 -20"><span class='ocrx_word' id='word_1_72' title='bbox 277 1052 565 1134; x_wconf 92' lang='lat' dir='ltr'>fuerunt,</span> <span class='ocrx_word' id='word_1_73' title='bbox 630 1052 845 1136; x_wconf 91' lang='lat' dir='ltr'>quoad</span> <span class='ocrx_word' id='word_1_74' title='bbox 897 1052 966 1115; x_wconf 89' lang='lat' dir='ltr'>L.</span> <span class='ocrx_word' id='word_1_75' title='bbox 1012 1050 1318 1116; x_wconf 91' lang='lat' dir='ltr'>Metellus</span> <span class='ocrx_word' id='word_1_76' title='bbox 1383 1051 1450 1115; x_wconf 93' lang='lat' dir='ltr'>in</span> <span class='ocrx_word' id='word_1_77' title='bbox 1504 1051 1906 1136; x_wconf 86' lang='lat' dir='ltr'>provinciam</span> <span class='ocrx_word' id='word_1_78' title='bbox 1960 1051 2286 1136; x_wconf 86' lang='lat' dir='ltr'>profectus</span> 
     </span>
     <span class='ocr_line' id='line_1_11' title="bbox 279 1139 2372 1218; baseline -0.003 -15"><span class='ocrx_word' id='word_1_79' title='bbox 279 1143 395 1204; x_wconf 90' lang='lat' dir='ltr'>est.</span> <span class='ocrx_word' id='word_1_80' title='bbox 495 1139 660 1204; x_wconf 87' lang='lat' dir='ltr'>Tum</span> <span class='ocrx_word' id='word_1_81' title='bbox 723 1141 837 1203; x_wconf 91' lang='lat' dir='ltr'>isti</span> <span class='ocrx_word' id='word_1_82' title='bbox 900 1141 1063 1204; x_wconf 89' lang='lat' dir='ltr'>bene</span> <span class='ocrx_word' id='word_1_83' title='bbox 1126 1139 1559 1218; x_wconf 82' lang='lat' dir='ltr'>commendati</span> <span class='ocrx_word' id='word_1_84' title='bbox 1622 1161 1767 1204; x_wconf 93' lang='lat' dir='ltr'>cum</span> <span class='ocrx_word' id='word_1_85' title='bbox 1827 1139 2094 1204; x_wconf 87' lang='lat' dir='ltr'>Metello</span> <span class='ocrx_word' id='word_1_86' title='bbox 2160 1163 2289 1205; x_wconf 85' lang='lat' dir='ltr'>una</span> <span class='ocrx_word' id='word_1_87' title='bbox 2318 1159 2372 1198; x_wconf 79' lang='grc' dir='ltr'>ιο</span> 
     </span>
     <span class='ocr_line' id='line_1_12' title="bbox 276 1225 2290 1312; baseline 0.001 -20"><span class='ocrx_word' id='word_1_88' title='bbox 276 1228 786 1312; x_wconf 87' lang='lat' dir='ltr'>proficiscuntur.</span> <span class='ocrx_word' id='word_1_89' title='bbox 893 1227 1199 1292; x_wconf 72' lang='lat' dir='ltr'>Metellus</span> <span class='ocrx_word' id='word_1_90' title='bbox 1274 1227 1470 1291; x_wconf 88' lang='lat' dir='ltr'>simul</span> <span class='ocrx_word' id='word_1_91' title='bbox 1535 1249 1610 1292; x_wconf 91' lang='lat' dir='ltr'>ac</span> <span class='ocrx_word' id='word_1_92' title='bbox 1675 1227 1854 1292; x_wconf 88' lang='lat' dir='ltr'>venit</span> <span class='ocrx_word' id='word_1_93' title='bbox 1920 1225 2290 1312; x_wconf 79' lang='lat' dir='ltr'>Syracusae,</span> 
     </span>
     <span class='ocr_line' id='line_1_13' title="bbox 277 1314 2290 1399; baseline 0.001 -19"><span class='ocrx_word' id='word_1_94' title='bbox 277 1319 623 1399; x_wconf 90' lang='lat' dir='ltr'>utrumque</span> <span class='ocrx_word' id='word_1_95' title='bbox 694 1315 985 1399; x_wconf 77' lang='lat' dir='ltr'>rescidit,</span> <span class='ocrx_word' id='word_1_96' title='bbox 1052 1320 1118 1379; x_wconf 91' lang='lat' dir='ltr'>et</span> <span class='ocrx_word' id='word_1_97' title='bbox 1187 1315 1264 1379; x_wconf 92' lang='lat' dir='ltr'>de</span> <span class='ocrx_word' id='word_1_98' title='bbox 1292 1378 1300 1382; x_wconf 72' lang='grc'>,</span> <span class='ocrx_word' id='word_1_99' title='bbox 1328 1314 1633 1399; x_wconf 74' lang='lat' dir='ltr'>Epicrate</span> <span class='ocrx_word' id='word_1_100' title='bbox 1697 1319 1764 1379; x_wconf 88' lang='lat' dir='ltr'>et</span> <span class='ocrx_word' id='word_1_101' title='bbox 1828 1315 1904 1379; x_wconf 94' lang='lat' dir='ltr'>de</span> <span class='ocrx_word' id='word_1_102' title='bbox 1968 1315 2290 1382; x_wconf 90' lang='lat' dir='ltr'>Heracli0.</span> 
     </span>
    </p>

    <p class='ocr_par' dir='ltr' id='par_1_4' title="bbox 277 1403 2290 1489">
     <span class='ocr_line' id='line_1_14' title="bbox 277 1403 2290 1489; baseline 0.001 -23"><span class='ocrx_word' id='word_1_103' title='bbox 277 1403 356 1466; x_wconf 93' lang='lat' dir='ltr'>In</span> <span class='ocrx_word' id='word_1_104' title='bbox 417 1404 754 1487; x_wconf 88' lang='lat' dir='ltr'>utriusque</span> <span class='ocrx_word' id='word_1_105' title='bbox 819 1404 1008 1467; x_wconf 89' lang='lat' dir='ltr'>bonis</span> <span class='ocrx_word' id='word_1_106' title='bbox 1062 1403 1225 1466; x_wconf 89' lang='lat' dir='ltr'>nihil</span> <span class='ocrx_word' id='word_1_107' title='bbox 1281 1406 1450 1487; x_wconf 89' lang='lat' dir='ltr'>erat,</span> <span class='ocrx_word' id='word_1_108' title='bbox 1516 1403 1685 1486; x_wconf 92' lang='lat' dir='ltr'>quod</span> <span class='ocrx_word' id='word_1_109' title='bbox 1738 1403 1998 1467; x_wconf 82' lang='lat' dir='ltr'>restitui</span> <span class='ocrx_word' id='word_1_110' title='bbox 2050 1408 2290 1489; x_wconf 87' lang='lat' dir='ltr'>posset,</span> 
     </span>
    </p>

    <p class='ocr_par' dir='ltr' id='par_1_5' title="bbox 174 1456 2377 2718">
     <span class='ocr_line' id='line_1_15' title="bbox 174 1456 2291 1581; baseline 0.002 -29"><span class='ocrx_word' id='word_1_111' title='bbox 174 1456 259 1581; x_wconf 55' lang='grc' dir='ltr'>ἓξ</span> <span class='ocrx_word' id='word_1_112' title='bbox 277 1490 405 1553; x_wconf 89' lang='grc'>11101</span> <span class='ocrx_word' id='word_1_113' title='bbox 461 1491 518 1553; x_wconf 90' lang='grc'>01</span> <span class='ocrx_word' id='word_1_114' title='bbox 573 1490 728 1574; x_wconf 92' lang='lat' dir='ltr'>quid</span> <span class='ocrx_word' id='word_1_115' title='bbox 781 1491 1028 1555; x_wconf 86' lang='lat' dir='ltr'>moveri</span> <span class='ocrx_word' id='word_1_116' title='bbox 1077 1490 1220 1554; x_wconf 93' lang='lat' dir='ltr'>loco</span> <span class='ocrx_word' id='word_1_117' title='bbox 1266 1512 1399 1554; x_wconf 89' lang='lat' dir='ltr'>non</span> <span class='ocrx_word' id='word_1_118' title='bbox 1443 1494 1762 1574; x_wconf 91' lang='lat' dir='ltr'>potuerat.</span> <span class='ocrx_word' id='word_1_119' title='bbox 1853 1489 2122 1556; x_wconf 87' lang='lat' dir='ltr'>Fecerat</span> <span class='ocrx_word' id='word_1_120' title='bbox 2166 1493 2291 1557; x_wconf 90' lang='lat' dir='ltr'>hoc</span> 
     </span>
     <span class='ocr_line' id='line_1_16' title="bbox 279 1577 2373 1662; baseline -0.002 -21"><span class='ocrx_word' id='word_1_121' title='bbox 279 1577 540 1662; x_wconf 85' lang='lat' dir='ltr'>egregie</span> <span class='ocrx_word' id='word_1_122' title='bbox 592 1577 807 1662; x_wconf 88' lang='lat' dir='ltr'>primo</span> <span class='ocrx_word' id='word_1_123' title='bbox 859 1579 1143 1641; x_wconf 80' lang='lat' dir='ltr'>adventu</span> <span class='ocrx_word' id='word_1_124' title='bbox 1183 1577 1488 1641; x_wconf 87' lang='lat' dir='ltr'>Metellus</span> <span class='ocrx_word' id='word_1_125' title='bbox 1498 1628 1517 1662; x_wconf 94' lang='lat'>,</span> <span class='ocrx_word' id='word_1_126' title='bbox 1570 1582 1647 1642; x_wconf 90' lang='lat' dir='ltr'>ut</span> <span class='ocrx_word' id='word_1_127' title='bbox 1692 1600 1914 1643; x_wconf 90' lang='lat' dir='ltr'>omnes</span> <span class='ocrx_word' id='word_1_128' title='bbox 1960 1579 2150 1644; x_wconf 90' lang='lat' dir='ltr'>istius</span> <span class='ocrx_word' id='word_1_129' title='bbox 2198 1581 2289 1643; x_wconf 92' lang='lat' dir='ltr'>in-</span> <span class='ocrx_word' id='word_1_130' title='bbox 2318 1598 2373 1638; x_wconf 85' lang='lat'>15</span> 
     </span>
     <span class='ocr_line' id='line_1_17' title="bbox 277 1665 2293 1750; baseline 0.002 -22"><span class='ocrx_word' id='word_1_131' title='bbox 277 1666 498 1747; x_wconf 76' lang='grc'>1111100,</span> <span class='ocrx_word' id='word_1_132' title='bbox 531 1687 691 1750; x_wconf 88' lang='lat' dir='ltr'>quas</span> <span class='ocrx_word' id='word_1_133' title='bbox 721 1665 913 1730; x_wconf 92' lang='lat' dir='ltr'>modo</span> <span class='ocrx_word' id='word_1_134' title='bbox 950 1668 1190 1749; x_wconf 88' lang='lat' dir='ltr'>posset,</span> <span class='ocrx_word' id='word_1_135' title='bbox 1226 1665 1619 1731; x_wconf 87' lang='lat' dir='ltr'>rescinderet</span> <span class='ocrx_word' id='word_1_136' title='bbox 1656 1670 1722 1730; x_wconf 94' lang='lat' dir='ltr'>et</span> <span class='ocrx_word' id='word_1_137' title='bbox 1757 1667 1990 1731; x_wconf 91' lang='lat' dir='ltr'>inritas</span> <span class='ocrx_word' id='word_1_138' title='bbox 2028 1668 2293 1733; x_wconf 80' lang='lat' dir='ltr'>faceret.</span> 
     </span>
     <span class='ocr_line' id='line_1_18' title="bbox 278 1751 2287 1838; baseline 0.001 -21"><span class='ocrx_word' id='word_1_139' title='bbox 278 1751 464 1828; x_wconf 84' lang='lat' dir='ltr'>Quod</span> <span class='ocrx_word' id='word_1_140' title='bbox 498 1752 872 1818; x_wconf 90' lang='lat' dir='ltr'>Heraclium</span> <span class='ocrx_word' id='word_1_141' title='bbox 909 1753 1169 1818; x_wconf 89' lang='lat' dir='ltr'>restitui</span> <span class='ocrx_word' id='word_1_142' title='bbox 1204 1754 1487 1817; x_wconf 86' lang='lat' dir='ltr'>iusserat</span> <span class='ocrx_word' id='word_1_143' title='bbox 1524 1775 1600 1818; x_wconf 91' lang='lat' dir='ltr'>ac</span> <span class='ocrx_word' id='word_1_144' title='bbox 1634 1775 1766 1818; x_wconf 89' lang='lat' dir='ltr'>non</span> <span class='ocrx_word' id='word_1_145' title='bbox 1800 1755 2287 1838; x_wconf 87' lang='lat' dir='ltr'>restituebatur,</span> 
     </span>
     <span class='ocr_line' id='line_1_19' title="bbox 280 1839 2292 1926; baseline 0.001 -21"><span class='ocrx_word' id='word_1_146' title='bbox 280 1842 570 1926; x_wconf 86' lang='lat' dir='ltr'>quisquis</span> <span class='ocrx_word' id='word_1_147' title='bbox 627 1845 767 1907; x_wconf 91' lang='lat' dir='ltr'>erat</span> <span class='ocrx_word' id='word_1_148' title='bbox 822 1841 1088 1906; x_wconf 89' lang='lat' dir='ltr'>eductus</span> <span class='ocrx_word' id='word_1_149' title='bbox 1144 1845 1407 1906; x_wconf 87' lang='lat' dir='ltr'>senator</span> <span class='ocrx_word' id='word_1_150' title='bbox 1454 1839 1894 1925; x_wconf 82' lang='lat' dir='ltr'>Syracusanus</span> <span class='ocrx_word' id='word_1_151' title='bbox 1950 1843 2033 1906; x_wconf 94' lang='lat' dir='ltr'>ab</span> <span class='ocrx_word' id='word_1_152' title='bbox 2084 1841 2292 1908; x_wconf 88' lang='lat' dir='ltr'>Hera-</span> 
     </span>
     <span class='ocr_line' id='line_1_20' title="bbox 279 1928 2291 2017; baseline 0 -24"><span class='ocrx_word' id='word_1_153' title='bbox 279 1930 433 2014; x_wconf 94' lang='lat' dir='ltr'>clio,</span> <span class='ocrx_word' id='word_1_154' title='bbox 489 1929 632 1995; x_wconf 90' lang='lat' dir='ltr'>duci</span> <span class='ocrx_word' id='word_1_155' title='bbox 676 1928 979 2015; x_wconf 67' lang='lat' dir='ltr'>&#39;iubebat3</span> <span class='ocrx_word' id='word_1_156' title='bbox 1032 1931 1251 2015; x_wconf 88' lang='lat' dir='ltr'>itaque</span> <span class='ocrx_word' id='word_1_157' title='bbox 1308 1930 1618 2015; x_wconf 88' lang='lat' dir='ltr'>permulti</span> <span class='ocrx_word' id='word_1_158' title='bbox 1662 1928 1839 1995; x_wconf 91' lang='lat' dir='ltr'>ducti</span> <span class='ocrx_word' id='word_1_159' title='bbox 1885 1934 2053 1994; x_wconf 90' lang='lat' dir='ltr'>sunt.</span> <span class='ocrx_word' id='word_1_160' title='bbox 2133 1931 2291 2017; x_wconf 87' lang='lat' dir='ltr'>Epi-</span> 
     </span>
     <span class='ocr_line' id='line_1_21' title="bbox 279 2018 2376 2103; baseline -0.002 -21"><span class='ocrx_word' id='word_1_161' title='bbox 279 2022 488 2083; x_wconf 87' lang='lat' dir='ltr'>crates</span> <span class='ocrx_word' id='word_1_162' title='bbox 553 2019 812 2103; x_wconf 92' lang='lat' dir='ltr'>quidem</span> <span class='ocrx_word' id='word_1_163' title='bbox 874 2019 1179 2084; x_wconf 91' lang='lat' dir='ltr'>continuo</span> <span class='ocrx_word' id='word_1_164' title='bbox 1240 2022 1342 2082; x_wconf 88' lang='lat' dir='ltr'>est</span> <span class='ocrx_word' id='word_1_165' title='bbox 1396 2018 1757 2083; x_wconf 86' lang='lat' dir='ltr'>restitutus.</span> <span class='ocrx_word' id='word_1_166' title='bbox 1847 2018 2001 2083; x_wconf 91' lang='lat' dir='ltr'>Alia</span> <span class='ocrx_word' id='word_1_167' title='bbox 2053 2018 2292 2084; x_wconf 91' lang='lat' dir='ltr'>iudicia</span> <span class='ocrx_word' id='word_1_168' title='bbox 2320 2039 2376 2078; x_wconf 80' lang='lat'>20</span> 
     </span>
     <span class='ocr_line' id='line_1_22' title="bbox 278 2105 2289 2192; baseline 0.001 -23"><span class='ocrx_word' id='word_1_169' title='bbox 278 2106 591 2191; x_wconf 83' lang='lat' dir='ltr'>Lilybaei,</span> <span class='ocrx_word' id='word_1_170' title='bbox 638 2109 769 2171; x_wconf 91' lang='lat' dir='ltr'>alia</span> <span class='ocrx_word' id='word_1_171' title='bbox 796 2106 1164 2192; x_wconf 81' lang='lat' dir='ltr'>Agrigenti,</span> <span class='ocrx_word' id='word_1_172' title='bbox 1210 2106 1343 2170; x_wconf 89' lang='lat' dir='ltr'>alia</span> <span class='ocrx_word' id='word_1_173' title='bbox 1377 2105 1732 2172; x_wconf 89' lang='lat' dir='ltr'>Panhormi</span> <span class='ocrx_word' id='word_1_174' title='bbox 1767 2107 2074 2171; x_wconf 86' lang='lat' dir='ltr'>restituta</span> <span class='ocrx_word' id='word_1_175' title='bbox 2120 2112 2289 2172; x_wconf 87' lang='lat' dir='ltr'>sunt.</span> 
     </span>
     <span class='ocr_line' id='line_1_23' title="bbox 280 2191 2290 2277; baseline 0 -19"><span class='ocrx_word' id='word_1_176' title='bbox 280 2191 545 2276; x_wconf 77' lang='grc'>00110110,</span> <span class='ocrx_word' id='word_1_177' title='bbox 593 2194 704 2276; x_wconf 93' lang='lat' dir='ltr'>qui</span> <span class='ocrx_word' id='word_1_178' title='bbox 739 2195 869 2258; x_wconf 89' lang='lat' dir='ltr'>isto</span> <span class='ocrx_word' id='word_1_179' title='bbox 905 2198 1205 2277; x_wconf 88' lang='lat' dir='ltr'>praetore</span> <span class='ocrx_word' id='word_1_180' title='bbox 1244 2197 1397 2257; x_wconf 89' lang='lat' dir='ltr'>sunt</span> <span class='ocrx_word' id='word_1_181' title='bbox 1431 2194 1661 2277; x_wconf 88' lang='lat' dir='ltr'>habiti,</span> <span class='ocrx_word' id='word_1_182' title='bbox 1705 2215 1838 2258; x_wconf 91' lang='lat' dir='ltr'>non</span> <span class='ocrx_word' id='word_1_183' title='bbox 1883 2198 2290 2260; x_wconf 86' lang='lat' dir='ltr'>servaturum</span> 
     </span>
     <span class='ocr_line' id='line_1_24' title="bbox 281 2280 2292 2366; baseline 0.001 -21"><span class='ocrx_word' id='word_1_184' title='bbox 281 2302 347 2345; x_wconf 91' lang='lat' dir='ltr'>se</span> <span class='ocrx_word' id='word_1_185' title='bbox 411 2281 717 2344; x_wconf 88' lang='lat' dir='ltr'>Metellus</span> <span class='ocrx_word' id='word_1_186' title='bbox 783 2280 1180 2362; x_wconf 88' lang='lat' dir='ltr'>ostenderat,</span> <span class='ocrx_word' id='word_1_187' title='bbox 1249 2280 1576 2365; x_wconf 76' lang='lat' dir='ltr'>decumae,</span> <span class='ocrx_word' id='word_1_188' title='bbox 1642 2303 1801 2366; x_wconf 87' lang='lat' dir='ltr'>quas</span> <span class='ocrx_word' id='word_1_189' title='bbox 1865 2282 1990 2346; x_wconf 91' lang='lat' dir='ltr'>iste</span> <span class='ocrx_word' id='word_1_190' title='bbox 2060 2287 2292 2348; x_wconf 87' lang='lat' dir='ltr'>contra</span> 
     </span>
     <span class='ocr_line' id='line_1_25' title="bbox 277 2367 2293 2452; baseline 0.002 -22"><span class='ocrx_word' id='word_1_191' title='bbox 277 2369 491 2451; x_wconf 88' lang='lat' dir='ltr'>legem</span> <span class='ocrx_word' id='word_1_192' title='bbox 546 2367 962 2432; x_wconf 87' lang='lat' dir='ltr'>Hieronicam</span> <span class='ocrx_word' id='word_1_193' title='bbox 1015 2367 1419 2452; x_wconf 80' lang='lat' dir='ltr'>vendiderat,</span> <span class='ocrx_word' id='word_1_194' title='bbox 1478 2391 1620 2434; x_wconf 88' lang='lat' dir='ltr'>sese</span> <span class='ocrx_word' id='word_1_195' title='bbox 1672 2370 2084 2435; x_wconf 88' lang='lat' dir='ltr'>venditurum</span> <span class='ocrx_word' id='word_1_196' title='bbox 2137 2371 2293 2435; x_wconf 88' lang='lat' dir='ltr'>Hie-</span> 
     </span>
     <span class='ocr_line' id='line_1_26' title="bbox 277 2453 2377 2543; baseline -0 -26"><span class='ocrx_word' id='word_1_197' title='bbox 277 2454 502 2519; x_wconf 89' lang='lat' dir='ltr'>ronica</span> <span class='ocrx_word' id='word_1_198' title='bbox 538 2455 683 2540; x_wconf 93' lang='lat' dir='ltr'>lege</span> <span class='ocrx_word' id='word_1_199' title='bbox 728 2455 1033 2518; x_wconf 85' lang='lat' dir='ltr'>edixerat.</span> <span class='ocrx_word' id='word_1_200' title='bbox 1106 2453 1340 2519; x_wconf 91' lang='lat' dir='ltr'>Omnia</span> <span class='ocrx_word' id='word_1_201' title='bbox 1386 2460 1571 2521; x_wconf 87' lang='lat' dir='ltr'>erant</span> <span class='ocrx_word' id='word_1_202' title='bbox 1613 2457 1867 2522; x_wconf 87' lang='lat' dir='ltr'>Metelli</span> <span class='ocrx_word' id='word_1_203' title='bbox 1912 2458 2048 2522; x_wconf 89' lang='lat' dir='ltr'>eius</span> <span class='ocrx_word' id='word_1_204' title='bbox 2094 2459 2291 2543; x_wconf 90' lang='lat' dir='ltr'>modi,</span> <span class='ocrx_word' id='word_1_205' title='bbox 2319 2477 2377 2517; x_wconf 78' lang='lat'>25</span> 
     </span>
     <span class='ocr_line' id='line_1_27' title="bbox 277 2545 2291 2631; baseline 0.003 -26"><span class='ocrx_word' id='word_1_206' title='bbox 277 2546 352 2605; x_wconf 91' lang='lat' dir='ltr'>ut</span> <span class='ocrx_word' id='word_1_207' title='bbox 386 2563 519 2606; x_wconf 90' lang='lat' dir='ltr'>non</span> <span class='ocrx_word' id='word_1_208' title='bbox 554 2546 694 2606; x_wconf 90' lang='lat' dir='ltr'>tam</span> <span class='ocrx_word' id='word_1_209' title='bbox 730 2563 914 2608; x_wconf 89' lang='lat' dir='ltr'>suam</span> <span class='ocrx_word' id='word_1_210' title='bbox 949 2546 1325 2626; x_wconf 88' lang='lat' dir='ltr'>praeturam</span> <span class='ocrx_word' id='word_1_211' title='bbox 1362 2564 1584 2629; x_wconf 85' lang='lat' dir='ltr'>gerere</span> <span class='ocrx_word' id='word_1_212' title='bbox 1632 2567 1828 2628; x_wconf 88' lang='lat' dir='ltr'>quam</span> <span class='ocrx_word' id='word_1_213' title='bbox 1867 2545 2059 2610; x_wconf 88' lang='lat' dir='ltr'>istius</span> <span class='ocrx_word' id='word_1_214' title='bbox 2105 2569 2291 2631; x_wconf 88' lang='lat' dir='ltr'>prae·</span> 
     </span>
     <span class='ocr_line' id='line_1_28' title="bbox 278 2629 2296 2718; baseline 0.003 -25"><span class='ocrx_word' id='word_1_215' title='bbox 278 2633 494 2695; x_wconf 87' lang='lat' dir='ltr'>turam</span> <span class='ocrx_word' id='word_1_216' title='bbox 530 2634 819 2694; x_wconf 84' lang='lat' dir='ltr'>retexere</span> <span class='ocrx_word' id='word_1_217' title='bbox 858 2630 1203 2695; x_wconf 84' lang='lat' dir='ltr'>videretur.</span> <span class='ocrx_word' id='word_1_218' title='bbox 1269 2629 1473 2697; x_wconf 87' lang='lat' dir='ltr'>Simul</span> <span class='ocrx_word' id='word_1_219' title='bbox 1512 2636 1705 2715; x_wconf 91' lang='lat' dir='ltr'>atque</span> <span class='ocrx_word' id='word_1_220' title='bbox 1744 2654 1865 2718; x_wconf 90' lang='lat' dir='ltr'>ego</span> <span class='ocrx_word' id='word_1_221' title='bbox 1903 2634 1972 2698; x_wconf 89' lang='lat' dir='ltr'>in</span> <span class='ocrx_word' id='word_1_222' title='bbox 2001 2632 2296 2700; x_wconf 82' lang='lat' dir='ltr'>Siciliam</span> 
     </span>
    </p>

    <p class='ocr_par' dir='ltr' id='par_1_6' title="bbox 173 2718 2396 3597">
     <span class='ocr_line' id='line_1_29' title="bbox 173 2718 2296 2804; baseline 0.005 -25"><span class='ocrx_word' id='word_1_223' title='bbox 173 2730 241 2779; x_wconf 82' lang='lat'>64</span> <span class='ocrx_word' id='word_1_224' title='bbox 279 2718 450 2801; x_wconf 89' lang='lat' dir='ltr'>veni,</span> <span class='ocrx_word' id='word_1_225' title='bbox 505 2721 793 2783; x_wconf 87' lang='lat' dir='ltr'>mutatus</span> <span class='ocrx_word' id='word_1_226' title='bbox 851 2721 967 2804; x_wconf 81' lang='lat' dir='ltr'>est.</span> <span class='ocrx_word' id='word_1_227' title='bbox 1058 2718 1369 2802; x_wconf 32' lang='lat' dir='ltr'>Venerat.</span> <span class='ocrx_word' id='word_1_228' title='bbox 1400 2719 1482 2784; x_wconf 88' lang='lat' dir='ltr'>ad</span> <span class='ocrx_word' id='word_1_229' title='bbox 1536 2741 1682 2784; x_wconf 91' lang='lat' dir='ltr'>eum</span> <span class='ocrx_word' id='word_1_230' title='bbox 1726 2720 1844 2785; x_wconf 94' lang='lat' dir='ltr'>illo</span> <span class='ocrx_word' id='word_1_231' title='bbox 1891 2721 2087 2787; x_wconf 89' lang='lat' dir='ltr'>biduo</span> <span class='ocrx_word' id='word_1_232' title='bbox 2132 2722 2296 2788; x_wconf 86' lang='lat' dir='ltr'>Lae-</span> 
     </span>
     <span class='ocr_line' id='line_1_30' title="bbox 276 2806 2293 2895; baseline 0.003 -25"><span class='ocrx_word' id='word_1_233' title='bbox 276 2807 458 2872; x_wconf 87' lang='lat' dir='ltr'>tilius</span> <span class='ocrx_word' id='word_1_234' title='bbox 505 2806 785 2890; x_wconf 91' lang='lat' dir='ltr'>quidam,</span> <span class='ocrx_word' id='word_1_235' title='bbox 830 2806 1027 2871; x_wconf 90' lang='lat' dir='ltr'>homo</span> <span class='ocrx_word' id='word_1_236' title='bbox 1073 2828 1206 2871; x_wconf 92' lang='lat' dir='ltr'>non</span> <span class='ocrx_word' id='word_1_237' title='bbox 1251 2807 1500 2871; x_wconf 87' lang='lat' dir='ltr'>alienus</span> <span class='ocrx_word' id='word_1_238' title='bbox 1547 2829 1586 2871; x_wconf 91' lang='lat' dir='ltr'>a</span> <span class='ocrx_word' id='word_1_239' title='bbox 1631 2808 1898 2894; x_wconf 89' lang='lat' dir='ltr'>litteris;</span> <span class='ocrx_word' id='word_1_240' title='bbox 1942 2810 2166 2895; x_wconf 91' lang='lat' dir='ltr'>itaque</span> <span class='ocrx_word' id='word_1_241' title='bbox 2210 2833 2293 2878; x_wconf 91' lang='lat' dir='ltr'>eo</span> 
     </span>
     <span class='ocr_line' id='line_1_31' title="bbox 274 2894 2386 2981; baseline 0 -23"><span class='ocrx_word' id='word_1_242' title='bbox 274 2895 401 2959; x_wconf 89' lang='lat' dir='ltr'>iste</span> <span class='ocrx_word' id='word_1_243' title='bbox 464 2894 811 2959; x_wconf 90' lang='lat' dir='ltr'>tabellario</span> <span class='ocrx_word' id='word_1_244' title='bbox 875 2916 1130 2979; x_wconf 87' lang='lat' dir='ltr'>semper</span> <span class='ocrx_word' id='word_1_245' title='bbox 1193 2915 1349 2958; x_wconf 91' lang='lat' dir='ltr'>usus</span> <span class='ocrx_word' id='word_1_246' title='bbox 1406 2897 1522 2959; x_wconf 87' lang='lat' dir='ltr'>est.</span> <span class='ocrx_word' id='word_1_247' title='bbox 1621 2894 1689 2959; x_wconf 87' lang='lat' dir='ltr'>Is</span> <span class='ocrx_word' id='word_1_248' title='bbox 1750 2897 2065 2981; x_wconf 88' lang='lat' dir='ltr'>epistulas</span> <span class='ocrx_word' id='word_1_249' title='bbox 2121 2921 2294 2965; x_wconf 88' lang='lat' dir='ltr'>com·</span> <span class='ocrx_word' id='word_1_250' title='bbox 2323 2916 2386 2958; x_wconf 79' lang='grc'>00</span> 
     </span>
     <span class='ocr_line' id='line_1_32' title="bbox 273 2981 2296 3068; baseline 0.003 -22"><span class='ocrx_word' id='word_1_251' title='bbox 273 2984 494 3065; x_wconf 87' lang='lat' dir='ltr'>plures</span> <span class='ocrx_word' id='word_1_252' title='bbox 538 2983 868 3065; x_wconf 87' lang='lat' dir='ltr'>attulerat,</span> <span class='ocrx_word' id='word_1_253' title='bbox 914 2983 984 3045; x_wconf 91' lang='lat' dir='ltr'>in</span> <span class='ocrx_word' id='word_1_254' title='bbox 1028 2981 1131 3045; x_wconf 89' lang='lat' dir='ltr'>his</span> <span class='ocrx_word' id='word_1_255' title='bbox 1179 3004 1374 3046; x_wconf 89' lang='lat' dir='ltr'>unam</span> <span class='ocrx_word' id='word_1_256' title='bbox 1423 2982 1635 3067; x_wconf 90' lang='lat' dir='ltr'>dom0,</span> <span class='ocrx_word' id='word_1_257' title='bbox 1681 3005 1845 3068; x_wconf 89' lang='lat' dir='ltr'>quae</span> <span class='ocrx_word' id='word_1_258' title='bbox 1892 2989 2108 3052; x_wconf 93' lang='lat' dir='ltr'>totum</span> <span class='ocrx_word' id='word_1_259' title='bbox 2153 3010 2296 3052; x_wconf 92' lang='lat' dir='ltr'>mu-</span> 
     </span>
     <span class='ocr_line' id='line_1_33' title="bbox 273 3069 2297 3154; baseline 0.003 -21"><span class='ocrx_word' id='word_1_260' title='bbox 273 3073 452 3135; x_wconf 86' lang='lat' dir='ltr'>tarat</span> <span class='ocrx_word' id='word_1_261' title='bbox 479 3070 827 3134; x_wconf 90' lang='lat' dir='ltr'>hominem.</span> <span class='ocrx_word' id='word_1_262' title='bbox 899 3069 1190 3154; x_wconf 86' lang='lat' dir='ltr'>Repente</span> <span class='ocrx_word' id='word_1_263' title='bbox 1218 3071 1434 3154; x_wconf 92' lang='lat' dir='ltr'>coepit</span> <span class='ocrx_word' id='word_1_264' title='bbox 1463 3070 1671 3135; x_wconf 87' lang='lat' dir='ltr'>dicere</span> <span class='ocrx_word' id='word_1_265' title='bbox 1710 3094 1778 3136; x_wconf 89' lang='lat' dir='ltr'>se</span> <span class='ocrx_word' id='word_1_266' title='bbox 1815 3074 2034 3138; x_wconf 90' lang='lat' dir='ltr'>omnia</span> <span class='ocrx_word' id='word_1_267' title='bbox 2065 3073 2297 3150; x_wconf 86' lang='lat' dir='ltr'>Verris</span> 
     </span>
     <span class='ocr_line' id='line_1_34' title="bbox 275 3157 2299 3245; baseline 0.002 -23"><span class='ocrx_word' id='word_1_268' title='bbox 275 3179 469 3223; x_wconf 87' lang='grc'>001100</span> <span class='ocrx_word' id='word_1_269' title='bbox 522 3157 717 3242; x_wconf 81' lang='lat' dir='ltr'>velle3</span> <span class='ocrx_word' id='word_1_270' title='bbox 782 3157 909 3221; x_wconf 91' lang='lat' dir='ltr'>sibi</span> <span class='ocrx_word' id='word_1_271' title='bbox 965 3179 1109 3222; x_wconf 90' lang='lat' dir='ltr'>cum</span> <span class='ocrx_word' id='word_1_272' title='bbox 1165 3178 1240 3222; x_wconf 91' lang='grc' dir='ltr'>οο</span> <span class='ocrx_word' id='word_1_273' title='bbox 1297 3158 1651 3223; x_wconf 88' lang='lat' dir='ltr'>amicitiam</span> <span class='ocrx_word' id='word_1_274' title='bbox 1708 3161 2299 3245; x_wconf 84' lang='lat' dir='ltr'>cognationemque</span> 
     </span>
     <span class='ocr_line' id='line_1_35' title="bbox 275 3244 2299 3330; baseline 0.002 -22"><span class='ocrx_word' id='word_1_275' title='bbox 275 3267 431 3310; x_wconf 91' lang='lat' dir='ltr'>esse.</span> <span class='ocrx_word' id='word_1_276' title='bbox 494 3244 905 3310; x_wconf 85' lang='lat' dir='ltr'>Mirabantur</span> <span class='ocrx_word' id='word_1_277' title='bbox 933 3266 1155 3309; x_wconf 92' lang='lat' dir='ltr'>omnes</span> <span class='ocrx_word' id='word_1_278' title='bbox 1184 3245 1308 3309; x_wconf 90' lang='lat' dir='ltr'>hoc</span> <span class='ocrx_word' id='word_1_279' title='bbox 1337 3245 1396 3308; x_wconf 91' lang='lat' dir='ltr'>ei</span> <span class='ocrx_word' id='word_1_280' title='bbox 1424 3248 1564 3311; x_wconf 90' lang='lat' dir='ltr'>tum</span> <span class='ocrx_word' id='word_1_281' title='bbox 1595 3245 1867 3330; x_wconf 87' lang='lat' dir='ltr'>denique</span> <span class='ocrx_word' id='word_1_282' title='bbox 1898 3248 1969 3313; x_wconf 93' lang='lat' dir='ltr'>in</span> <span class='ocrx_word' id='word_1_283' title='bbox 2005 3253 2299 3313; x_wconf 90' lang='lat' dir='ltr'>mentem</span> 
     </span>
     <span class='ocr_line' id='line_1_36' title="bbox 275 3333 2396 3419; baseline 0.003 -24"><span class='ocrx_word' id='word_1_284' title='bbox 275 3333 545 3414; x_wconf 87' lang='lat' dir='ltr'>venisse,</span> <span class='ocrx_word' id='word_1_285' title='bbox 581 3337 1010 3417; x_wconf 87' lang='lat' dir='ltr'>posteaquam</span> <span class='ocrx_word' id='word_1_286' title='bbox 1037 3337 1175 3397; x_wconf 88' lang='lat' dir='ltr'>tam</span> <span class='ocrx_word' id='word_1_287' title='bbox 1209 3333 1433 3397; x_wconf 89' lang='lat' dir='ltr'>multis</span> <span class='ocrx_word' id='word_1_288' title='bbox 1474 3355 1620 3398; x_wconf 91' lang='lat' dir='ltr'>eum</span> <span class='ocrx_word' id='word_1_289' title='bbox 1655 3333 1848 3399; x_wconf 87' lang='lat' dir='ltr'>factis</span> <span class='ocrx_word' id='word_1_290' title='bbox 1886 3335 2299 3419; x_wconf 90' lang='lat' dir='ltr'>decretisque</span> <span class='ocrx_word' id='word_1_291' title='bbox 2332 3351 2396 3393; x_wconf 71' lang='lat'>³5</span> 
     </span>
     <span class='ocr_line' id='line_1_37' title="bbox 274 3416 2302 3509; baseline 0.005 -31"><span class='ocrx_word' id='word_1_292' title='bbox 274 3416 652 3498; x_wconf 88' lang='lat' dir='ltr'>iugulasset.</span> <span class='ocrx_word' id='word_1_293' title='bbox 732 3419 968 3504; x_wconf 84' lang='lat' dir='ltr'>Erant,</span> <span class='ocrx_word' id='word_1_294' title='bbox 1016 3420 1126 3504; x_wconf 92' lang='lat' dir='ltr'>qui</span> <span class='ocrx_word' id='word_1_295' title='bbox 1168 3424 1479 3505; x_wconf 85' lang='lat' dir='ltr'>putarent</span> <span class='ocrx_word' id='word_1_296' title='bbox 1515 3422 1866 3487; x_wconf 90' lang='lat' dir='ltr'>Laetilium</span> <span class='ocrx_word' id='word_1_297' title='bbox 1911 3423 2206 3509; x_wconf 90' lang='lat' dir='ltr'>legatum</span> <span class='ocrx_word' id='word_1_298' title='bbox 2258 3446 2302 3488; x_wconf 86' lang='lat' dir='ltr'>a</span> 
     </span>
     <span class='ocr_line' id='line_1_38' title="bbox 275 3501 2303 3597; baseline 0.007 -34"><span class='ocrx_word' id='word_1_299' title='bbox 275 3501 481 3566; x_wconf 90' lang='lat' dir='ltr'>Verre</span> <span class='ocrx_word' id='word_1_300' title='bbox 517 3506 787 3586; x_wconf 88' lang='lat' dir='ltr'>venisse,</span> <span class='ocrx_word' id='word_1_301' title='bbox 825 3510 936 3590; x_wconf 92' lang='lat' dir='ltr'>qui</span> <span class='ocrx_word' id='word_1_302' title='bbox 975 3509 1275 3593; x_wconf 86' lang='lat' dir='ltr'>gratiam,</span> <span class='ocrx_word' id='word_1_303' title='bbox 1315 3509 1670 3575; x_wconf 90' lang='lat' dir='ltr'>amicitiam</span> <span class='ocrx_word' id='word_1_304' title='bbox 1707 3511 2303 3597; x_wconf 81' lang='lat' dir='ltr'>cognationemque</span> 
     </span>
    </p>
   </div>
  </div>
 </body>
</html>
