2566 4016
202 528 291 656 {9

209 2062 276 2113 27

307 234 436 300 208
908 230 987 286 IN
1025 229 1081 285 C.
1112 228 1420 284 VERREM
1457 227 1615 282 AOT.
1655 227 1721 282 II.

306 378 528 445 monia
590 375 864 443 audistis
918 378 1130 440 antea.
1219 372 1532 438 Vicerunt
1586 372 2028 459 Agyrinenses
2083 370 2323 438 fratres

306 467 431 551 ita,
474 469 549 530 ut
592 468 859 551 egentes
906 464 1259 545 inanesque
1308 460 1726 526 discederent.

442 553 538 620 At
598 554 770 619 enim
833 551 916 617 ad
960 550 1235 616 Verrem
1297 549 1570 633 pecunia
1632 549 1764 614 ista
1814 569 1948 613 non
2008 549 2328 633 pervenit.

310 642 492 719 Quae
524 642 657 707 ista
702 639 990 706 defensio
1038 639 1181 703 est‘?
1227 642 1455 702 utrum
1496 637 1913 703 adseveratur
1957 636 2028 701 in
2070 636 2197 702 hoc
2241 659 2325 701 an

307 729 714 814 temptatur?
780 728 944 794 mihi
997 727 1171 792 enim
1224 747 1328 790 res
1383 747 1554 792 nova
1605 729 1721 790 est.
1801 724 2042 790 Verres
2088 725 2326 790 calum-
2351 742 2380 783 ⁵

308 819 595 884 niatores
671 816 1068 901 apponebat,
1128 813 1372 879 Verres
1441 814 1666 880 adesse
1729 812 2024 895 iubebat,
2086 812 2323 878 Verres

311 905 773 992 cognoscebat,
811 904 1050 968 Verres
1096 902 1453 985 iudicabat3
1498 900 1805 987 pecuniae
1852 901 2175 966 maximae
2220 902 2325 966 da-

309 996 577 1077 bantur,
641 992 752 1077 qui
807 991 1080 1073 dabant,
1134 990 1522 1056 obtinebant
1576 1010 1832 1072 causas3
1886 993 1961 1054 tu
2014 989 2180 1054 mihi
2230 989 2330 1054 ita

311 1081 642 1147 defendas:
717 1079 900 1146 ‘Non
971 1083 1072 1144 est
1134 1078 1266 1143 ista
1326 1076 1522 1142 Verri
1582 1080 1925 1142 numerata
1985 1077 2333 1162 pecunia'?

309 1168 567 1235 Adiuvo
621 1173 715 1253 te3
770 1168 903 1235 mei
953 1187 1207 1251 quoque
1253 1169 1456 1231 testes
1501 1164 1672 1231 idem
1720 1165 1966 1248 dicunt3
2022 1165 2327 1230 Volcatio
2360 1184 2417 1223 10

312 1258 534 1324 dicunt
581 1279 720 1323 sese
767 1255 1037 1322 dedisse.
1114 1255 1294 1331 Quae
1338 1255 1436 1318 vis
1484 1257 1630 1319 erat
1668 1254 1738 1318 in
1774 1252 2075 1319 Volcatio
2121 1257 2329 1338 tanta,

312 1350 387 1412 ut
413 1343 526 1410 HS
556 1361 728 1411 0000
757 1338 942 1410 milia
970 1366 1008 1408 a
1037 1343 1287 1409 duobus
1316 1341 1688 1408 hominibus
1718 1341 2052 1407 auferret?
2083 1339 2328 1425 Ecquis

310 1433 643 1516 Volcatio,
700 1432 758 1496 si
812 1454 930 1498 sua
983 1435 1216 1515 sponte
1271 1430 1582 1514 venisset,
1635 1451 1833 1495 unam
1884 1430 2179 1495 libellam
2225 1430 2331 1495 de·

313 1520 560 1585 disset?
632 1519 874 1586 Veniat
907 1540 1097 1602 nume,
1142 1519 1537 1601 experiatar3
1583 1521 1757 1583 tecto
1803 1518 2072 1604 recipiet
2116 1539 2330 1583 nemo.

311 1606 407 1673 At
458 1629 583 1694 ego
635 1607 916 1692 amplius
964 1606 1134 1690 dico,
1186 1603 1298 1671 HS
1346 1606 1920 1692 quadringentiens
1966 1607 2214 1692 cepisse
2258 1610 2330 1671 te
2364 1624 2421 1665 ιε

313 1717 519 1781 arguo
586 1699 815 1761 contra
879 1695 1086 1781 leges,
1146 1715 1317 1780 nego
1371 1694 1496 1759 tibi
1548 1694 1675 1779 ipsi
1729 1694 1937 1759 ullum
1988 1716 2334 1760 nummum

313 1806 454 1850 esse
498 1787 938 1867 numeratum3
995 1782 1107 1847 sed
1151 1805 1300 1847 cum
1346 1783 1428 1848 ob
1475 1786 1591 1849 tua
1636 1782 1916 1866 decreta,
1968 1784 2054 1848 ob
2099 1782 2338 1867 edicta,

314 1873 401 1939 ob
453 1872 754 1958 imperia,
809 1873 891 1937 ob
947 1870 1184 1937 iudicia
1237 1870 1546 1955 pecuniae
1601 1871 1952 1953 dabantur,
2003 1892 2136 1936 non
2186 1875 2337 1936 erat

316 1961 777 2047 quaerendum,
850 1960 1031 2027 cuius
1100 1980 1302 2025 manu
1371 1962 1893 2042 numerarentur,
1965 1959 2080 2025 sed
2147 1959 2334 2025 cuius

313 2050 552 2115 iniuria
619 2054 1025 2136 cogerentur.
1120 2047 1410 2114 Comites
1473 2048 1578 2112 illi
1639 2048 1740 2112 tui
1802 2047 2034 2113 delecti
2097 2070 2337 2114 manus
2369 2066 2425 2107 so

315 2142 502 2203 erant
546 2142 725 2220 tuae,
778 2136 1119 2222 praefecti,
1175 2137 1453 2219 scribae,
1507 2136 1787 2219 accensi,
1836 2136 2093 2219 medici,
2138 2137 2338 2202 haru-

315 2226 559 2310 spices,
613 2245 964 2309 praecones
1029 2245 1259 2288 manus
1324 2227 1511 2288 erant
1562 2227 1740 2306 tuae3
1806 2227 1881 2289 ut
1936 2224 2207 2308 quisque
2259 2228 2342 2291 te

314 2313 595 2377 maxime
668 2311 1084 2396 cognatione,
1156 2310 1504 2395 affinitate,
1573 2311 2048 2378 necessitudine
2110 2312 2341 2396 aliqua

318 2398 718 2484 attingebat,
762 2399 859 2463 ita
902 2398 1182 2463 maxime
1228 2421 1459 2464 manus
1503 2403 1620 2464 tua
1664 2401 2049 2485 putabatur;
2092 2400 2339 2467 cohors

314 2491 459 2551 tota
498 2488 664 2567 [tua]
701 2486 837 2570 illa,
884 2508 1049 2571 quae
1092 2487 1240 2572 plus
1288 2488 1446 2553 mali
1484 2484 1741 2554 Siciliae
1789 2488 1983 2572 dedit,
2029 2510 2226 2572 quam
2273 2491 2344 2555 si
2374 2507 2433 2549 ss

313 2578 574 2641 centum
611 2574 914 2640 cohortes
948 2574 1377 2661 fugitivorum
1412 2576 1709 2660 fuissent,
1754 2580 1870 2642 tua
1910 2598 2138 2641 manus
2188 2577 2345 2645 sine

314 2663 758 2729 controversia
783 2662 926 2728 fuit.
992 2663 1310 2747 Quicquid
1337 2665 1420 2728 ab
1448 2663 1682 2729 horum
1720 2665 2027 2750 quopiam
2063 2669 2345 2750 captum

315 2756 435 2834 est,
469 2751 538 2815 id
564 2772 697 2817 non
724 2751 914 2816 modo
942 2751 1069 2816 tibi
1104 2752 1352 2835 datum,
1385 2752 1497 2817 sed
1533 2755 1649 2817 tua
1684 2774 1882 2817 manu
1916 2758 2349 2820 numeratum

313 2839 583 2905 iudicari
635 2860 895 2919 necesse
951 2843 1068 2905 est.
1156 2838 1332 2905 Nam
1378 2839 1435 2905 si
1479 2839 1647 2906 hanc
1701 2839 2137 2906 defensionem
2183 2864 2352 2926 pro-

312 2927 585 2993 babitis:
643 2926 826 2994 ‘Non
879 2927 1128 3013 accepit
1180 2926 1372 3013 ipse',
1424 2927 1579 2994 licet
1634 2928 1852 2994 omnia
1907 2929 1986 2993 de
2037 2930 2352 3014 pecuniis
2385 2949 2443 2991 so

313 3015 689 3102 repetundis
743 3016 980 3082 iudicia
1034 3015 1318 3098 tollatis3
1378 3037 1569 3082 nemo
1624 3039 1934 3101 umquam
1986 3039 2135 3082 reus
2188 3022 2355 3086 tam

314 3105 677 3187 convictuS,
727 3108 868 3170 tam
911 3125 1151 3169 nocens
1198 3104 1576 3187 adducetur,
1625 3105 1738 3190 qui
1780 3105 1913 3170 ista
1959 3105 2356 3174 defensione

312 3214 446 3258 non
498 3193 709 3277 possit
762 3192 886 3275 uti3
942 3192 1181 3258 etenim
1237 3214 1383 3257 cum
1418 3191 1657 3258 Verres
1708 3196 1958 3278 utatur,
2015 3194 2160 3277 quis
2207 3197 2362 3263 erit

313 3301 625 3363 umquam
678 3280 955 3365 posthac
1010 3302 1160 3345 reus
1212 3284 1354 3345 tam
1405 3281 1723 3366 perditus,
1779 3281 1892 3365 qui
1944 3304 2075 3347 non
2125 3283 2210 3348 ad
2258 3284 2361 3362 Q.

314 3366 488 3430 Muci
539 3368 978 3435 innocentiam
1031 3367 1380 3452 referatur,
1435 3369 1492 3433 si
1545 3392 1691 3435 cum
1739 3369 1869 3434 isto
1917 3370 2362 3440 conferatur-⁶?
2395 3393 2456 3434 35

315 3450 543 3534 Neque
578 3476 748 3521 nunc
792 3460 930 3521 tam
976 3456 1139 3521 mihi
1183 3457 1297 3521 isti
1327 3456 1598 3523 Verrem
1644 3457 1983 3523 defendere
2029 3459 2367 3527 videntur

320 3558 515 3620 quam
558 3540 627 3604 in
666 3542 869 3609 Verre
916 3544 1308 3611 defensionis
1353 3549 1677 3632 temptare
1723 3548 2064 3614 rationem.
