2566 4016
244 1177 274 1226 7

240 1595 285 1656 4

241 3290 275 3337 8

314 221 445 288 366
914 217 995 273 IN
1034 216 1093 276 0..
1121 216 1433 274 VERREM
1467 217 1623 273 ACT.
1661 219 1730 272 11.

312 387 469 433 usus
526 370 629 431 est
682 365 765 432 ad
809 365 1376 447 commodandum,
1432 362 1527 428 sic
1569 362 1710 448 ipse
1758 362 2035 448 diligens
2078 359 2206 426 fuit
2248 361 2337 427 ad

312 455 794 540 reportandum.
910 452 1137 538 Nuper
1216 451 1513 518 homines
1593 451 1848 516 nobiles
1931 450 2069 514 eius
2141 449 2337 534 modi,

311 543 553 609 iudices
592 581 677 592 —
716 543 828 609 sed
867 542 1022 626 quid
1059 541 1200 606 dico
1239 539 1544 625 ‘nuper'‘?
1589 539 1790 604 immo
1829 560 1981 604 vero
2019 538 2210 603 modo
2257 559 2337 605 ac

310 634 505 718 plane
541 634 738 718 paulo
783 634 934 697 ante
979 629 1277 713 vidimuS,
1324 627 1434 712 qui
1476 626 1694 693 forum
1740 631 1807 691 et
1849 626 2157 692 basilicas
2201 648 2337 691 non

311 722 538 807 spoliis
578 720 1086 807 provinciarum,
1132 717 1245 782 sed
1291 715 1691 782 ornamentis
1738 715 2119 799 amicorum,
2165 736 2335 780 com·
2363 738 2394 781 5

311 811 522 876 modis
577 810 937 893 hospitum,
990 828 1123 872 non
1170 805 1365 870 furtis
1412 805 1787 870 nocentium
1834 807 2168 886 ornarent;
2221 803 2338 886 qui

309 903 534 964 tamen
589 898 779 983 signa
833 900 1029 980 atque
1085 896 1465 959 ornamenta
1519 914 1638 958 sua
1687 894 1916 977 cuique
1961 891 2340 974 reddebant,

309 1009 444 1052 non
507 986 733 1050 ablata
796 1007 874 1050 ex
936 983 1206 1049 urbibus
1272 981 1595 1047 sociorum
1662 984 1885 1066 [atque
1948 983 2336 1061 amicorum]

313 1074 655 1159 quadridui
709 1096 903 1139 causa
958 1093 1074 1157 per
1127 1070 1612 1135 simulationem
1668 1070 2023 1135 aedilitatis
2070 1070 2338 1134 domum

313 1163 540 1228 deinde
584 1166 779 1247 atque
826 1161 908 1227 ad
951 1181 1106 1226 suas
1151 1160 1344 1225 villas
1392 1158 1791 1224 auferebant.
1872 1158 2051 1223 Haec
2097 1160 2340 1241 omnia,
2368 1181 2429 1222 1ο

313 1274 479 1337 quae
535 1251 692 1334 dixi,
749 1252 964 1337 signa,
1018 1248 1286 1331 iudices,
1342 1248 1424 1313 ab
1471 1246 1638 1311 Heio
1685 1269 1721 1311 e
1773 1246 2057 1312 sacrario
2092 1244 2339 1311 Verres

313 1340 616 1422 abstulit3
661 1340 944 1421 nullum,
987 1338 1280 1422 inquam,
1326 1335 1558 1400 horum
1594 1335 1863 1420 reliquit
1901 1356 2109 1419 neque
2155 1335 2343 1400 aliud

311 1429 521 1494 ullum
558 1431 781 1491 tamen
823 1428 1085 1511 praeter
1128 1446 1331 1488 unum
1375 1428 1680 1508 pervetus
1726 1424 2033 1509 ligneum,
2079 1422 2341 1488 Bonam

310 1516 688 1597 Fortunam,
723 1518 799 1578 ut
828 1514 1086 1598 opinor3
1123 1534 1267 1577 eam
1294 1511 1420 1576 iste
1449 1512 1689 1578 habere
1719 1513 1894 1577 domi
1922 1533 2075 1577 suae
2102 1511 2341 1577 noluit.

443 1603 573 1668 Pro
611 1603 801 1668 deum
836 1601 1316 1684 hominumque·
1343 1600 1563 1665 fidem!
1610 1601 1762 1685 quid
1806 1600 1930 1666 hoc
1977 1601 2121 1665 est?
2167 1622 2342 1683 quae
2371 1622 2429 1664 1⁵

310 1693 472 1758 haec
499 1714 695 1757 causa
722 1695 841 1773 est,
879 1712 1041 1775 quae
1077 1689 1210 1754 ista
1242 1689 1669 1774 inpudentia?
1732 1687 1911 1764 Quae
1947 1688 2088 1753 dico
2127 1689 2343 1774 signa,

314 1786 465 1848 ante
522 1803 717 1866 quam
771 1781 888 1844 abs
942 1781 1008 1843 te
1066 1778 1330 1843 sublata
1381 1782 1560 1862 sunt,
1614 1777 1982 1842 Messanam
2026 1799 2174 1842 cum
2218 1778 2345 1842 im·

311 1872 493 1956 perio
556 1890 748 1934 nemo
811 1867 991 1933 venit
1057 1867 1213 1951 quin
1276 1866 1520 1931 viserit.
1619 1865 1748 1931 Tot
1804 1871 2168 1950 praetoreS‚
2232 1871 2347 1931 tot

312 1959 608 2025 consules
661 1957 732 2022 in
780 1955 1000 2023 Sicilia
1052 1977 1199 2021 cum
1251 1955 1324 2020 in
1370 1977 1555 2041 pace,
1607 1958 1751 2020 tum
1797 1954 1998 2032 etiam
2040 1954 2109 2018 in
2155 1954 2343 2021 bello

309 2047 599 2131 fuerunt,
651 2050 757 2111 tot
808 2046 1105 2111 homines
1161 2045 1467 2127 cuiusque
1521 2044 1697 2108 modi
1752 2041 1913 2130 (non
1965 2044 2200 2130 loquor
2259 2044 2344 2109 de
2371 2065 2429 2107 so

310 2137 612 2223 integriS,
667 2133 1145 2215 innocentibus,
1198 2129 1574 2218 religiosis),
1627 2137 1731 2197 tot
1775 2131 2018 2216 cupidi,
2067 2137 2172 2197 tot
2216 2131 2346 2197 im·

310 2225 520 2309 probi,
564 2227 668 2288 tot
713 2222 1006 2305 audaceS,
1056 2241 1331 2304 quorum
1374 2242 1565 2285 nemo
1613 2220 1742 2285 sibi
1783 2224 1924 2285 tam
1969 2220 2349 2306 vehemens,

310 2319 450 2377 tam
487 2316 738 2395 potenS,
783 2313 923 2374 tam
957 2308 1199 2373 nobilis
1236 2308 1417 2371 visus
1451 2312 1571 2392 est,
1619 2309 1730 2393 qui
1767 2331 1844 2374 ex
1878 2309 2000 2373 illo
2049 2311 2348 2376 sacratio

314 2400 657 2483 quicquam
719 2418 982 2481 poscere
1038 2401 1152 2460 aut
1205 2396 1439 2460 tollere
1493 2401 1607 2461 aut
1662 2397 1986 2483 attingere
2042 2398 2351 2482 auderet3

310 2486 568 2569 VerreS‚
608 2484 780 2569 quod
814 2484 1054 2569 ubique
1093 2485 1217 2549 erit
1252 2484 1782 2570 pulcherrimum,
1828 2486 2122 2551 auferet?
2169 2486 2349 2552 nihil
2375 2506 2427 2548 ιε

310 2576 551 2641 habere
588 2574 888 2657 cuiquam
931 2577 1271 2657 praeterea
1316 2572 1581 2638 licebit?
1626 2578 1731 2639 tot
1776 2574 2005 2639 domus
2051 2575 2351 2659 locuple-

309 2664 600 2730 tissimas
678 2661 905 2727 domus
984 2661 1175 2727 istius
1252 2684 1384 2725 una
1455 2662 1712 2745 capiet?
1819 2661 2068 2728 Idcirco
2141 2685 2349 2730 nemo

313 2754 718 2837 superiorum
774 2750 1025 2837 attigit,
1079 2755 1156 2817 ut
1199 2750 1307 2815 hic
1348 2750 1659 2816 tolleret?
1720 2750 1865 2815 ideo
1913 2749 1984 2815 C.
2022 2750 2351 2819 Claudius

308 2842 589 2907 Pulcher
624 2840 903 2923 rettulit,
948 2843 1023 2903 ut
1060 2838 1127 2905 O.
1155 2839 1395 2904 Verres
1433 2844 1656 2923 posset
1692 2839 1987 2904 auferre?
2061 2839 2159 2905 At
2203 2862 2352 2907 non

312 2930 687 3014 requirebat
720 2929 835 2993 ille
871 2926 1122 3013 Cupido
1169 2927 1421 2992 lenonis
1468 2928 1732 2992 domum
1778 2949 1853 2992 ac
1897 2928 2351 2994 meretriciam
2380 2947 2435 2988 se

313 3019 749 3102 disciplinam,
810 3016 1003 3083 facile
1064 3016 1184 3081 illo
1240 3016 1525 3081 sacrario
1580 3016 1797 3101 patrio
1852 3017 2351 3102 continebatur3

309 3107 480 3172 Heio
535 3128 604 3171 se
652 3129 691 3170 a
745 3104 1100 3171 maioribus
1145 3104 1445 3169 relictum
1493 3126 1634 3169 esse
1682 3105 1930 3170 sciebat
1972 3104 2046 3169 in
2088 3104 2354 3171 heredi·

311 3198 449 3260 tate
496 3216 856 3278 sacrorum,
899 3215 1034 3259 non
1079 3194 1432 3278 quaerebat
1477 3194 1837 3258 meretricis
1881 3193 2208 3259 heredem.

446 3281 573 3347 Sed
608 3283 762 3366 quid
799 3303 923 3369 ego
961 3286 1100 3347 tam
1136 3281 1555 3348 vehementer
1592 3282 1911 3347 invehor?
1955 3281 2160 3348 verbo
2206 3305 2353 3349 uno

311 3370 609 3448 repellar.
691 3370 908 3445 ‘lumin
948 3370 1179 3455 inquit.
1260 3369 1337 3454 O,
1383 3370 1448 3434 di
1483 3370 1885 3455 inmortales,
1927 3372 2357 3455 praeclaram
2385 3387 2440 3429 ⁸⁸

314 3452 776 3553 defensionem!
848 3458 1279 3524 Mercatorem
1314 3459 1385 3524 in
1419 3459 1821 3543 provinciam
1867 3481 2011 3525 cum
2058 3451 2357 3544 imperio

313 3556 391 3598 ac
428 3543 758 3606 securibus
795 3546 1110 3631 misimus,
1147 3548 1368 3612 omnia
1405 3547 1518 3631 qui
1554 3548 1760 3634 signa,
1805 3548 2069 3614 tabulas
2102 3549 2364 3634 pictae,
