2566 4016
213 330 279 449 si’

222 607 310 676 (3)

319 222 364 281 4
845 213 989 268 PRO
1026 212 1087 266 P.
1125 212 1470 278 QUINCTIO
1508 211 1795 266 ORATIO.

318 361 689 428 confirmari
742 357 1101 444 patiamini.
1189 355 1266 420 Id
1320 378 1449 440 quo
1494 356 1749 421 facilius
1795 356 2007 422 facere
2051 358 2340 442 possitis,

319 451 486 516 dabo
517 470 800 534 operam,
835 450 927 530 ut,
965 468 1005 511 a
1031 445 1349 530 principio
1380 465 1484 510 res
1515 466 1705 528 quem
1732 444 1817 509 ad
1852 444 2117 510 modum
2153 450 2342 531 gesta

323 542 388 603 et
434 540 770 604 contracta
815 535 930 617 sit,
975 533 1401 619 cognoscatis.

500 624 569 691 C.
624 623 959 699 Quinctius
1012 621 1139 686 fuit
1192 620 1263 685 P.
1318 619 1578 695 Quincti
1639 620 1830 685 huius
1894 620 2126 705 frater,
2185 642 2339 687 sane

211 679 681 780 (¹¹)ccterarum
707 733 925 776 rerum
960 714 1147 794 pater
1182 709 1468 773 familias
1506 712 1573 772 et
1607 708 1888 793 prudens
1926 713 1993 773 et
2030 713 2338 793 attentus,
2365 732 2395 773 ⁵

221 1616 285 1664 12

219 2670 285 2718 13

220 3502 288 3626 [ἓ

320 824 451 868 una
508 802 578 865 in
631 822 701 864 re
759 799 956 884 paulo
1008 798 1224 862 minus
1278 796 1750 880 consideratus,
1806 797 1917 880 qui
1962 798 2338 864 societatem

322 912 469 956 cum
505 886 646 952 Sex,
682 886 932 952 Naevio
967 885 1213 968 fecerit,
1258 885 1400 950 viro
1436 886 1628 968 bon0,
1672 906 1897 949 verum
1942 889 2167 952 tamen
2207 909 2339 952 non

319 979 416 1042 ita
469 977 801 1059 instituto,
858 979 930 1040 ut
985 974 1129 1038 iura
1174 973 1507 1039 societatis
1553 976 1620 1038 et
1665 971 1880 1038 officia
1924 975 2085 1039 certi
2129 976 2337 1059 patris

320 1065 605 1131 familias
658 1085 851 1128 nosse
905 1065 1155 1148 posset3
1207 1083 1342 1126 non
1396 1083 1523 1145 quo
1579 1060 1640 1126 ei
1684 1061 1936 1126 deesset
1979 1062 2338 1147 ingenium3

321 1176 473 1218 nam
517 1173 724 1237 neque
769 1173 1001 1236 parum
1044 1150 1293 1215 facetus
1341 1171 1562 1215 scurra
1606 1146 1750 1215 Sex,
1795 1148 2080 1216 Naevius
2129 1172 2336 1235 neque
2364 1173 2419 1213 ιο

321 1242 712 1306 inhumanus
750 1261 983 1324 praeco
1021 1243 1123 1303 est
1157 1260 1466 1322 umquam
1495 1237 1921 1306 existimatus.
1984 1237 2154 1314 Quid
2180 1260 2337 1325 ergo

322 1330 466 1394 est?
525 1327 690 1393 Cum
727 1328 786 1393 ei
819 1332 1057 1392 natura
1090 1326 1257 1391 nihil
1295 1326 1526 1390 melius
1564 1347 1760 1409 quam
1786 1347 2010 1392 vocem
2039 1326 2339 1411 dedisset,

321 1420 509 1501 pater
562 1416 729 1479 nihil
783 1419 1044 1499 praeter
1094 1415 1469 1478 libertatem
1523 1414 1921 1498 reliquisset,
1982 1436 2206 1480 vocem
2269 1416 2339 1479 in

324 1509 664 1587 quaestum
725 1503 1030 1580 contulit,
1083 1502 1390 1566 libertate
1435 1522 1590 1566 usus
1645 1505 1771 1586 est,
1830 1523 1956 1586 quo
2009 1502 2337 1586 impunius

325 1591 508 1656 dicax
565 1595 755 1656 esset.
854 1589 1065 1665 Quare
1131 1589 1389 1673 quidem
1448 1590 1696 1654 socium
1752 1590 1877 1654 tibi
1934 1612 2080 1655 eum
2132 1590 2335 1655 velles
2365 1612 2418 1651 15

323 1679 692 1765 adiungere,
735 1678 901 1742 nihil
949 1681 1109 1756 erat,
1151 1677 1279 1741 nisi
1325 1682 1399 1742 ut
1442 1678 1512 1741 in
1555 1682 1673 1742 tua
1716 1679 1987 1762 pecunia
2020 1677 2340 1744 condisce·

323 1771 450 1852 ret,
505 1767 615 1851 qui
668 1767 975 1852 pecuniae
1029 1766 1278 1830 fructus
1335 1770 1532 1849 esset3
1584 1770 1807 1831 tamen
1850 1766 2150 1832 inductus
2195 1788 2340 1848 con-

324 1855 659 1921 suetudine
724 1877 798 1921 ac
871 1854 1319 1919 familiaritate
1381 1852 1721 1929 Quinctius
1792 1854 1974 1938 fecit,
2045 1859 2119 1920 ut
2191 1855 2340 1939 dixi,

323 1944 701 2010 societatem
747 1964 967 2008 earum
1013 1964 1246 2026 rerum,
1294 1963 1458 2027 quae
1503 1942 1573 2006 in
1618 1940 1835 2007 Gallia
1867 1944 2341 2028 ¹comparaban-

322 2037 448 2098 tur.
518 2032 684 2097 Erat
721 2033 779 2096 ei
815 2032 1116 2117 pecuaria
1161 2053 1265 2096 res
1313 2031 1533 2116 ampla
1578 2036 1644 2095 et
1688 2030 1931 2096 rustica
1976 2052 2128 2095 sane
2160 2032 2340 2097 -bene
2366 2051 2420 2092 πο

324 2121 502 2185 culta
555 2124 621 2185 et
673 2119 1023 2185 fructuosa.
1111 2120 1397 2184 Tollitur
1451 2120 1534 2184 ab
1590 2119 1775 2185 atriis
1822 2118 2084 2184 Liciniis
2137 2123 2339 2203 atque

324 2231 365 2273 a
417 2230 806 2294 praeconum
862 2228 1166 2273 consessu
1218 2207 1289 2271 in
1343 2206 1628 2272 Galliam
1683 2206 1969 2272 Naevius
2025 2211 2091 2272 et
2152 2211 2339 2272 trans

322 2296 528 2379 Alpes
566 2316 769 2378 usque
804 2294 1215 2360 transfertur.
1286 2293 1394 2359 Fit
1430 2316 1671 2381 magna
1708 2296 1984 2361 mutatio
2020 2296 2165 2379 loci,
2206 2318 2344 2361 non

322 2382 584 2467 ingenii.
664 2381 838 2447 Nam
880 2383 992 2466 qui
1037 2384 1121 2448 ab
1168 2383 1648 2449 adulescentulo
1697 2389 2036 2467 quaestum
2074 2385 2202 2448 sibi
2244 2385 2344 2450 in-

325 2470 647 2534 stituisset
693 2470 831 2534 sine
874 2470 1229 2556 impendio,
1289 2475 1716 2556 posteaquam
1760 2472 1977 2538 nescio
2024 2472 2177 2556 quid
2222 2473 2343 2537 im·
2367 2497 2418 2541 85

322 2558 547 2643 pendit
583 2563 650 2622 et
685 2558 755 2622 in
798 2579 1137 2624 commune
1181 2560 1476 2642 contulit,
1523 2558 1829 2625 mediocri
1877 2564 2149 2644 quaestu
2194 2582 2341 2626 con·

322 2650 543 2711 tentus
581 2667 721 2711 esse
761 2667 892 2711 non
927 2650 1207 2732 poterat.
1276 2646 1416 2713 Nec
1451 2647 1707 2730 mirum,
1744 2648 1801 2711 si
1850 2649 1925 2731 is,
1972 2649 2083 2732 qui
2119 2670 2344 2714 vocem

324 2735 617 2800 venalem
663 2734 1010 2819 habuerat,
1068 2757 1162 2819 ea,
1208 2757 1374 2819 quae
1416 2756 1574 2799 voce
1620 2736 2056 2821 quaesiverat,
2101 2758 2344 2823 magno

324 2823 449 2888 sibi
488 2822 786 2907 quaestui
830 2822 970 2888 fore
1006 2824 1299 2908 putabat.
1353 2822 1584 2906 Itaque
1620 2822 1881 2889 hercule
1908 2823 2080 2889 haud
2107 2825 2346 2890 medio·

323 2911 517 2976 criter
529 2911 606 2975 de
619 2911 961 2995 communi,
980 2911 1426 2996 quodcumque
1443 2914 1722 2995 poterat,
1741 2910 1824 2977 ad
1843 2934 1913 2977 se
1930 2913 2000 2976 in
2015 2912 2347 2998 privatam
2371 2939 2425 2981 so

323 3000 586 3063 domum
625 3000 1003 3083 sevocabat3
1039 3021 1167 3083 qua
1193 2999 1262 3063 in
1299 3021 1369 3063 re
1412 2999 1510 3062 ita
1546 2998 1824 3082 diligens
1862 3003 2021 3084 erat,
2058 3001 2245 3083 quasi
2280 3001 2347 3086 ii,

324 3088 435 3171 qui
472 3109 712 3172 magma
737 3087 864 3151 fide
893 3088 1271 3153 societatem
1300 3090 1617 3172 gererent,
1649 3087 1992 3153 arbitrium
2019 3110 2138 3173 pro
2169 3089 2346 3154 socio

324 3175 738 3240 condemnari
775 3175 1076 3239 solerent.
1138 3174 1383 3239 Verum
1426 3174 1531 3238 his
1578 3174 1655 3238 de
1690 3176 1886 3241 rebus
1917 3198 2048 3241 non
2081 3197 2348 3242 necesse

321 3260 532 3327 habeo
562 3263 770 3328 dicere
799 3284 892 3345 ea,
929 3284 1094 3346 quae
1131 3284 1234 3327 me
1270 3263 1343 3328 P.
1372 3261 1709 3337 Quinctius
1747 3265 1926 3349 cupit
1962 3285 2350 3330 commemo-

324 3369 495 3432 rare3
532 3351 797 3416 tametsi
825 3372 1020 3416 causa
1055 3351 1370 3435 postulat,
1405 3354 1643 3434 tamen,
1680 3352 1833 3435 quia
1869 3351 2180 3438 postulat,
2216 3374 2347 3418 non
2376 3377 2430 3420 35

322 3435 609 3520 flagitat,
654 3439 1042 3521 praeteribo,
2328 3510 2332 3513 ,

503 3521 665 3588 Cum
703 3547 906 3590 annos
943 3526 1075 3591 iam
1120 3528 1482 3611 complures
1528 3526 1806 3592 societas
1853 3531 2044 3612 esset,
2088 3532 2157 3593 et
2202 3540 2352 3595 cum
