2566 4016
332 194 419 259 20
863 191 1006 247 PRO
1044 191 1104 245 P.
1144 190 1324 256 QUIN
1326 189 1492 247 CTIO
1531 189 1822 245 ORATIO.

332 342 474 403 erat
539 337 967 423 procurator?
1049 334 1257 400 Credo
1328 335 1611 419 aliquem
1676 335 1954 400 electum
2017 335 2352 403 hominem

332 430 658 513 egentem,
721 423 1113 510 litigiosum,
1174 423 1574 507 improbum,
1639 423 1748 507 qui
1808 427 2034 508 posset
2089 447 2350 491 scurrae

332 515 551 579 divitis
606 512 1003 579 cotidianum
1047 512 1408 577 convicium
1455 511 1791 576 sustinere.
1871 510 2059 576 Nihil
2106 513 2350 599 minus3

332 624 526 687 eques
590 603 924 668 Romanus
996 601 1316 684 locuples,
1390 600 1492 665 sui
1557 598 1806 685 negotii
1868 600 2037 665 bene
2100 622 2350 687 gerens,

330 691 604 775 denique
658 690 744 773 is,
798 712 1018 774 quem,
1074 688 1374 772 quotiens
1420 685 1706 754 Naevius
1755 687 1827 752 in
1871 686 2161 754 Galliam
2206 714 2351 776 pro-
2377 719 2404 762 a

225 776 314 841 20
330 778 539 844 fectus
596 782 723 860 est,
777 780 1266 863 procuratorem
1311 776 1559 842 Romae
1612 775 1896 860 reliquit.
1987 776 2078 842 Et
2134 779 2350 863 audes,

332 864 474 931 Sex.
502 865 730 948 Naevi,
766 886 1008 952 negare
1037 865 1376 930 absentem
1415 864 1748 931 defensum
1786 885 1928 929 esse
1956 863 2348 952 Quinctium,

332 976 479 1021 cum
521 976 668 1020 eum
715 953 1072 1018 defenderit
1116 953 1305 1035 idem,
1351 952 1462 1037 qui
1507 957 1573 1017 te
1621 952 1919 1018 solebat?
1969 958 2052 1038 et,
2097 976 2243 1020 cum
2288 956 2346 1021 is

330 1042 638 1108 iudicium
666 1042 984 1127 acceperit
1010 1062 1129 1127 pro
1158 1039 1478 1123 Quinctio,
1515 1040 1618 1106 cui
1644 1045 1720 1105 tu
1748 1045 1815 1106 et
1842 1063 1981 1106 rem
2009 1045 2074 1106 et
2098 1042 2347 1108 famam

331 1134 513 1196 tuam
569 1129 1016 1196 commendare
1070 1130 1483 1215 proficiscens
1533 1133 1599 1194 et
1645 1130 2022 1195 concredere
2069 1130 2348 1211 solebas,
2378 1157 2431 1199 ιο

331 1219 585 1284 conaris
620 1218 745 1284 hoc
791 1217 1018 1301 dicere,
1062 1218 1385 1284 neminem
1432 1217 1779 1301 exstitisse,
1825 1218 1937 1302 qui
1974 1217 2347 1295 Quinctium

329 1306 567 1372 iudicio
615 1306 1028 1371 defenderet}>

227 1411 295 1458 63
469 1393 959 1478 ‘Postulabam’,
985 1394 1217 1477 inquit,
1250 1392 1349 1458 ‘ut
1376 1394 1538 1459 satis
1568 1392 1794 1458 daret?
1849 1392 2096 1460 Iniuria
2123 1400 2345 1481 postu-

332 1483 549 1565 labas3
593 1483 692 1547 ita
726 1482 1056 1566 videbare3
1101 1481 1448 1547 recusabat
1473 1481 1768 1547 Alfenus.
1804 1518 1894 1529 -—
1929 1482 2076 1567 ‘Ita,
2120 1505 2347 1549 verum

330 1574 597 1656 praetor
653 1569 1076 1635 decernebat?
1124 1606 1209 1617 —
1256 1568 1531 1635 Tribuni
1575 1570 1783 1655 igitur
1827 1571 2346 1656 appellabantur.
2375 1599 2427 1640 15

332 1694 418 1706 —
467 1657 622 1724 tHic
666 1657 785 1742 te',
828 1658 1068 1742 inquit,
1115 1656 1365 1741 ‘tene03
1408 1679 1542 1723 non
1587 1662 1688 1723 est
1730 1659 1910 1723 istud
1951 1659 2091 1742 pati
2136 1682 2347 1745 neque

331 1746 566 1813 iudicio
636 1746 1000 1829 defendere,
1072 1767 1220 1811 cum
1293 1746 1605 1812 auxilium
1671 1768 1710 1811 a
1771 1747 2051 1812 tribunis
2113 1748 2346 1832 petas?

329 1834 474 1901 Hoc
511 1856 633 1922 ego
643 1885 661 1919 ,
707 1857 853 1900 cum
899 1834 1193 1917 attendo,
1240 1856 1369 1918 qua
1413 1834 1759 1920 prudentia
1805 1835 1893 1900 sit
1936 1835 2347 1916 Hortensius,

331 1924 653 1989 dicturum
708 1944 849 1987 esse
905 1945 1050 1988 eum
1104 1945 1237 1988 non
1293 1923 1596 1988 arbitror.
1677 1921 1840 1988 Cum
1887 1927 2104 1989 autem
2153 1929 2347 1991 antea

330 2013 568 2078 dixisse
624 2012 814 2077 audio
871 2016 938 2077 et
982 2034 1245 2078 causam
1287 2012 1503 2096 ipsam
1547 2011 1910 2096 considero,
1965 2013 2119 2096 quid
2166 2014 2345 2079 aliud
2373 2040 2428 2082 ιο

331 2101 541 2166 dicere
584 2101 822 2185 possit,
872 2121 1004 2165 non
1049 2101 1318 2184 reperi0.
1398 2099 1670 2165 Fatetur
1715 2100 1887 2165 enim
1931 2100 2194 2166 libellos
2230 2101 2346 2166 Al-

327 2189 549 2253 fenum
577 2189 899 2271 deiecisse,
934 2188 1379 2253 vadimonium
1413 2188 1810 2272 promisisse,
1844 2188 2150 2253 iudicium
2188 2191 2347 2274 quin

331 2277 650 2359 acciperet
685 2276 757 2340 in
802 2297 877 2341 ea
920 2275 1065 2359 ipsa
1109 2276 1328 2360 verba,
1374 2297 1539 2360 quae
1583 2275 1870 2341 Naevius
1918 2277 2167 2362 edebat,
2210 2300 2347 2344 non
2424 2274 2425 2281 '

330 2384 679 2447 recusasse,
722 2363 821 2428 ita
847 2367 1094 2428 tamen:
1131 2385 1312 2429 more
1341 2367 1408 2429 et
1442 2364 1768 2448 instituto,
1802 2386 1921 2450 per
1956 2387 2105 2431 eum
2142 2367 2345 2453 magi-

224 2464 294 2513 64
330 2454 641 2534 stratum,
696 2451 808 2535 qui
853 2452 1078 2517 auxilii
1123 2473 1320 2517 causa
1364 2452 1756 2518 constitutus
1804 2457 1924 2518 est.
2002 2452 2141 2519 Aut
2183 2454 2346 2520 haec
2373 2480 2429 2522 25

327 2539 503 2604 facta
555 2561 689 2605 non
743 2540 875 2604 sint
926 2561 1185 2606 necesse
1233 2544 1334 2605 est
1380 2545 1494 2606 aut
1531 2539 1602 2605 O.
1636 2539 1967 2625 Aquilius,
2023 2542 2178 2607 talis
2224 2543 2345 2627 vir,

326 2627 581 2693 iuratus
616 2628 741 2693 hoc
777 2628 877 2692 ius
913 2629 984 2694 in
1019 2628 1283 2694 civitate
1320 2628 1704 2695 constituat:
1742 2629 1921 2695 cuius
1957 2634 2346 2714 procurator

329 2718 490 2798 [non
551 2717 771 2782 omnia
825 2716 1062 2782 iudicia
1114 2719 1429 2800 acceperit,
1483 2738 1648 2801 quae
1702 2717 1975 2802 quisque
2027 2719 2099 2783 in
2142 2719 2345 2783 verba

324 2805 699 2890 postularit,
737 2805 916 2870 cuius
944 2806 1355 2891 procurator]
1386 2826 1426 2869 a
1452 2809 1752 2890 praetore
1788 2806 2089 2872 tribunos
2126 2807 2345 2892 appel-

326 2894 464 2958 lare
502 2914 697 2959 ausus
736 2894 839 2977 sit,
876 2915 1023 2959 eum
1058 2915 1191 2959 non
1228 2892 1500 2975 defendi,
1545 2893 1682 2958 eius
1719 2894 1893 2959 bona
1927 2898 2100 2960 recte
2138 2895 2345 2980 possi·
2371 2919 2429 2963 ω

326 2981 464 3046 deri
528 3003 745 3068 posse,
820 2982 879 3046 ei
942 2982 1207 3066 misero,
1280 2980 1565 3064 absenti,
1638 2982 1868 3068 ignaro
1931 2982 2345 3049 fortunarum

329 3091 592 3136 suarum
640 3070 859 3136 omnia
894 3070 1069 3135 vitae
1107 3074 1493 3134 ornamenta
1537 3091 1654 3155 per
1699 3091 2025 3136 summum
2072 3070 2346 3139 dedecus

224 3168 287 3219 65
326 3161 393 3223 et
427 3158 856 3245 ignominiam
902 3157 1109 3243 deripi
1154 3158 1512 3223 convenire.
1593 3155 1780 3233 Quod
1825 3159 1884 3223 si
1927 3159 2195 3245 probari
2237 3181 2347 3226 ne·

325 3246 488 3310 mini
531 3251 777 3331 potest,
830 3246 995 3312 illud
1041 3249 1213 3311 certe
1259 3245 1527 3330 probari
1571 3247 1872 3312 omnibus
1917 3269 2179 3314 necesse
2226 3251 2347 3332 est,

325 3332 657 3399 defensum
696 3355 837 3401 esse
873 3333 1108 3401 iudicio
1148 3334 1484 3399 absentem
1521 3332 1910 3410 Quinctium.
1974 3334 2162 3412 Quod
2198 3358 2348 3403 cum
2377 3361 2434 3404 ss

324 3420 420 3485 ita
476 3420 589 3505 sit,
644 3444 723 3487 ex
776 3422 986 3488 edicto
1036 3423 1210 3488 bona
1254 3443 1558 3508 possessa
1601 3444 1736 3488 non
1782 3427 1954 3499 sunt.
2032 3424 2126 3489 At
2172 3425 2350 3491 enim

321 3509 569 3574 tribuni
632 3510 844 3595 plebis
902 3532 985 3578 ne
1040 3510 1385 3577 audierunt
1440 3510 1716 3596 quidem.
1805 3511 2072 3592 Fateor,
2138 3513 2196 3577 si
2250 3513 2350 3580 ita
