2566 4016
939 169 1092 224 CAP.
1131 177 1269 226 6-8
1307 177 1338 236 5
1380 178 1603 227 16—22.
2198 172 2282 237 39

263 313 477 379 noctis
508 312 757 377 occisus
778 314 968 395 esset,
994 313 1207 398 primo
1227 314 1510 380 diluculo
1538 316 1803 379 nuntius
1823 315 1930 380 hic
1950 314 2283 381 Ameriam

265 402 474 484 venit3
520 401 738 466 decem
776 400 955 465 horis
991 402 1326 466 nocturnis
1364 424 1478 466 sex
1505 405 1572 468 et
1600 403 2073 489 quinquaginta
2101 403 2284 469 milia

263 450 573 591 passu’um
637 488 812 553 cisiis
875 489 1262 573 pervolavit,
1326 511 1457 555 non
1521 491 1713 555 modo
1772 493 1846 555 ut
1906 495 2284 575 exoptatum

263 578 526 643 inimico
570 577 872 641 nuntium
916 577 1164 660 primus
1211 577 1520 660 adferret,
1575 579 1686 642 sed
1731 579 1933 643 etiam
1990 600 2283 644 cruorem

183 689 211 730 5
263 665 513 730 inimici
568 687 763 749 quam
817 666 1335 729 recentissimum
1387 666 1719 750 telumque
1761 666 1972 751 paulo
2039 670 2190 731 ante
2248 687 2283 730 e

263 775 535 838 corpore
595 756 957 817 extractum
1010 754 1398 818 ostenderet.
1487 753 1886 837 QuadriduO,
1942 775 2068 839 quo
2123 754 2284 819 haec
2319 765 2389 814 20

266 846 457 927 gesta
511 846 689 924 sunt,
746 862 849 905 res
899 840 980 905 ad
1025 840 1525 927 Chrysogonum
1570 843 1640 907 in
1683 847 1901 908 castra
1944 841 2018 907 L.
2063 840 2284 907 Sullae

265 929 650 994 Volaterras
707 928 1020 1011 defertur3
1083 930 1466 1014 magnitudo
1520 932 1829 1015 pecuniae
1886 931 2285 997 demonstra-

263 1022 397 1101 tur3
455 1017 716 1082 bonitas
774 1017 1186 1100 praediorum
1239 1016 1420 1103 (nam
1474 1018 1707 1085 fundos
1765 1020 1983 1084 decem
2039 1023 2105 1084 et
2149 1023 2282 1083 tres

188 1130 240 1169 ιο
264 1104 553 1189 reliquit,
591 1105 702 1188 qui
733 1104 1018 1169 Tiberim
1054 1104 1189 1170 fere
1227 1127 1452 1171 omnes
1479 1106 1809 1192 tangunt),
1835 1107 2027 1172 huius
2063 1107 2285 1190 inopia

266 1197 334 1258 et
389 1192 675 1258 solitudo
731 1197 1301 1278 commemoratur3
1367 1194 1843 1275 demonstrant,
1896 1216 2041 1259 cum
2096 1197 2284 1277 pater

264 1280 533 1346 huiusce
572 1279 714 1345 Sex.
749 1280 1041 1364 Roscius,
1084 1281 1281 1345 homo
1327 1285 1465 1346 tam
1514 1281 1886 1366 splendidus
1934 1285 1998 1346 et
2045 1280 2286 1366 gratio-

267 1390 399 1451 sus,
443 1369 625 1434 nullo
662 1369 927 1455 negotio
965 1371 1054 1433 sit
1092 1369 1358 1452 occisus,
1402 1369 1710 1454 perfacile
1747 1369 1917 1436 hunc
1952 1369 2284 1434 hominem

265 1458 598 1522 incautum
663 1461 730 1521 et
791 1457 1106 1522 rusticum
1168 1461 1233 1521 et
1287 1457 1532 1523 Romae
1586 1459 1884 1545 ignotum
1939 1459 2018 1523 de
2072 1457 2284 1522 medio

184 1568 237 1608 ιτ,
264 1546 416 1610 tolli
469 1566 689 1629 posse3
754 1545 834 1609 ad
898 1566 1042 1610 eam
1099 1566 1238 1612 rem
1302 1567 1565 1632 operam
1630 1569 1815 1612 suam
1877 1547 2284 1631 pollicentur.
2322 1601 2363 1662 8

265 1632 367 1697 Ne
414 1633 656 1697 diutius
702 1636 978 1716 teneam,
1023 1634 1283 1717 iudices,
1331 1635 1605 1699 societas
1652 1637 1879 1701 coitur.
1951 1634 2170 1701 Οιιιιι
2152 1656 2285 1699 iam
2321 1677 2387 1726 21

265 1721 762 1805 proscriptionis
799 1721 1043 1787 mentio
1080 1723 1264 1786 nulla
1301 1721 1502 1804 fieret,
1540 1745 1685 1788 cum
1725 1725 1923 1787 etiam
1954 1724 2065 1806 qui
2094 1726 2286 1786 antea

269 1813 634 1872 metuerant
689 1809 973 1874 redirent
1039 1832 1114 1875 ac
1175 1810 1309 1874 iam
1375 1773 1709 1875 defimctos
1777 1832 1917 1874 sese
1980 1809 2286 1893 periculis

275 1894 772 1979 arbitrarentur,
840 1917 1062 1962 nomen
1122 1899 1387 1977 refertum
1446 1899 1519 1961 in
1581 1899 1823 1963 tabulas
1883 1897 2021 1962 Sex.
2083 1895 2286 1976 Rosci,

183 2008 242 2050 2⁰
269 1983 551 2049 hominis
578 1985 1036 2052 studiosissimi
1060 1984 1455 2068 nobilitatis3
1484 2006 1786 2069 manceps
1815 1985 1890 2049 fit
1918 1982 2288 2085 Chrysogo-

265 2094 417 2155 nus3
478 2073 607 2139 tria
668 2075 933 2158 praedia
995 2075 1101 2138 vel
1162 2035 1574 2139 nobilissima
1650 2071 1954 2156 Capitoni
2020 2072 2288 2157 propria

265 2161 642 2245 traduntur,
714 2184 878 2245 quae
941 2162 1135 2227 hodie
1199 2161 1518 2246 possidet3
1586 2162 1655 2226 in
1712 2160 1995 2244 reliquas
2063 2181 2285 2225 omnes

263 2248 563 2314 fortunas
610 2250 734 2314 iste
772 2250 844 2314 Τ.
881 2250 1153 2315 Roscius
1197 2250 1459 2315 nomine
1497 2248 1929 2336 Chrysogoni,
1975 2270 2166 2351 quem
2205 2248 2288 2313 ad

265 2338 574 2403 modum
555 2359 696 2421 1pse
725 2339 898 2421 dicit,
943 2339 1260 2423 impetum
1303 2337 1479 2403 facit.
1541 2338 1721 2404 Haec
1747 2338 1921 2404 bona
1949 2337 2285 2424 sexagiens

184 2449 238 2489 25
265 2423 377 2489 HS
405 2430 705 2490 emuntur
734 2427 981 2491 duobus
1010 2426 1274 2492 milibus
1301 2448 1655 2492 nummum.
1719 2426 1897 2492 Haec
1921 2428 2155 2508 omnia,
2195 2429 2287 2491 iu·

268 2513 457 2598 dices,
483 2514 890 2598 imprudente
921 2514 992 2579 L.
1024 2512 1208 2578 Sulla
1242 2507 1419 2579 facta
1457 2536 1596 2579 esse
1635 2519 1812 2580 certo
1852 2517 2003 2580 scio.
2057 2514 2285 2597 Neque
2320 2536 2390 2585 22

267 2602 439 2666 enim
495 2603 760 2684 mirum,
820 2624 967 2666 cum
1013 2602 1237 2667 eodem
1282 2606 1575 2687 tempore
1622 2606 1688 2667 et
1734 2624 1835 2683 ea,
1891 2625 2055 2686 quae
2100 2622 2286 2685 prae-

266 2689 466 2753 terita
511 2695 693 2773 sunt,
747 2696 925 2755 sanet
967 2695 1033 2754 et
1079 2711 1181 2772 ea,
1228 2711 1392 2773 quae
1439 2690 1739 2755 videntur
1783 2691 2058 2772 instare,
2105 2709 2285 2772 prae-

268 2780 481 2860 paret,
539 2800 684 2843 cum
732 2782 797 2842 et
850 2778 1028 2863 pacis
1085 2777 1572 2843 constituendae
1629 2778 1949 2844 rationem
2004 2780 2071 2841 et
2125 2775 2287 2839 belli

183 2888 239 2929 so
269 2866 533 2949 gerendi
577 2869 974 2951 potestatem
1020 2866 1197 2930 solus
1235 2865 1494 2946 habeat,
1538 2888 1686 2931 cum
1721 2886 1945 2932 omnes
1980 2866 2051 2928 in
2086 2884 2286 2927 unum

266 2957 586 3038 spectent,
655 2976 820 3020 unus
881 2954 1098 3019 omnia
1163 2954 1508 3039 gubernet,
1578 2976 1724 3020 cum
1788 2957 1891 3018 tot
1953 2950 2284 3033 tantisque

263 3042 549 3127 negotiis
611 3041 931 3107 distentus
977 3043 1091 3123 sit,
1145 3045 1218 3105 ut
1263 3043 1585 3127 respirare
1632 3042 1835 3107 libere
1879 3048 2013 3105 non
2057 3038 2283 3122 possit,

265 3129 319 3192 si
357 3130 604 3213 aliquid
639 3152 770 3196 non
807 3131 1301 3213 animadvertat,
1338 3152 1485 3195 cum
1511 3130 1898 3214 praesertim
1925 3131 2064 3191 tam
2092 3126 2287 3191 multi

264 3219 754 3303 occupationem
819 3219 955 3283 eius
1021 3218 1367 3283 observent
1428 3222 1815 3301 tempusque
1871 3217 2284 3299 aucupentur,

181 3326 235 3368 ³5
263 3309 354 3388 ut,
401 3307 598 3371 simul
646 3311 839 3390 atque
878 3307 997 3372 ille
1045 3306 1435 3391 despexerit,
1490 3304 1738 3389 aliquid
1789 3303 2055 3369 huiusce
2107 3303 2287 3369 modi

263 3395 638 3461 moliantur.
728 3394 875 3460 Huc
922 3394 1192 3475 accedit,
1240 3393 1431 3477 quod,
1478 3392 1772 3476 quamvis
1816 3392 1930 3457 ille
1974 3391 2132 3456 felix
2179 3392 2284 3475 sit,

263 3481 431 3547 sicut
467 3487 587 3566 est,
633 3487 853 3548 tamen
891 3483 1010 3564 [in]
1051 3485 1238 3547 tanta
1271 3480 1588 3546 felicitate
1623 3501 1814 3546 nemo
1860 3485 2080 3569 potest
2126 3503 2284 3563 esse,
