2566 4016
889 204 1291 261 CAP.19—21
1332 211 1364 271 ἓ
1401 212 1627 262 68-70.
2132 208 2260 273 119

240 348 580 415 honestius
616 348 707 413 sit
741 368 966 416 eorum
1002 369 1216 432 causa,
1263 348 1433 432 apud
1476 370 1641 433 quos
1687 354 1996 433 quaestor
2040 349 2260 435 fueris,

242 458 440 520 quam
483 458 659 514 eum,
703 434 884 501 cuius
932 439 1238 521 quaestor
1281 435 1514 521 fueris,
1559 437 1905 504 accusare?

374 486 741 592 Clarissimi
766 523 894 588 viri
926 528 1192 590 nostrae
1228 523 1516 590 civitatis
1553 525 1955 609 temporibus
1992 527 2258 609 optimis
2295 541 2364 591 se

239 612 367 678 hoc
413 613 542 680 sibi
585 611 1060 695 amplissimum
1102 612 1737 698 pulcherrimumque
1781 612 2128 695 ducebant,
2173 615 2256 680 ab

174 715 207 757 ⁵
237 700 615 784 hospitibus
678 700 1150 785 clientibusque
1210 700 1374 785 suis,
1436 701 1519 767 ab
1574 702 1811 770 exteris
1865 701 2260 785 nationibus,

238 810 413 872 quae
449 789 521 852 in
553 788 910 854 amicitiam
945 789 1172 873 populi
1206 788 1489 856 Romani
1534 789 1978 875 dicionemque
2024 794 2259 872 essent,

232 877 515 941 iniurias
567 876 951 960 propulsare
1007 899 1355 962 eorumque
1399 876 1699 945 fortunas
1740 877 2100 946 defendere.
2171 878 2258 944 Μ.

235 964 561 1031 Catonem
603 964 794 1029 illum
829 962 1222 1049 Sapientem,
1264 965 1698 1031 clarissimum
1743 968 1956 1034 virum
2000 971 2069 1032 et
2110 988 2258 1050 pru-

234 1052 723 1136 dentissimum,
775 1073 923 1118 cum
975 1053 1201 1119 multis
1258 1074 1492 1139 graves
1546 1054 1921 1120 inimicitias
1978 1056 2258 1140 gessisse

144 1157 203 1196 ιο
234 1140 607 1223 accepimus
678 1145 949 1224 propter
1019 1140 1491 1225 Hispanorum,
1561 1142 1734 1224 apud
1805 1163 1967 1225 quos
2031 1144 2258 1208 consul

230 1229 483 1309 fuerat,
539 1228 827 1296 iniurias.
915 1226 1143 1312 Nuper
1197 1226 1312 1294 On.
1347 1228 1711 1294 Domitium
1756 1230 1993 1295 scimus
2037 1228 2124 1294 M.
2161 1227 2259 1294 Si·
2297 1243 2363 1292 67

234 1318 397 1382 lano
435 1315 605 1382 diem
641 1316 879 1381 dixisse
919 1319 1189 1399 propter
1234 1316 1424 1381 unius
1469 1315 1752 1382 hominis
1799 1316 2260 1402 Aegritomari,

232 1404 503 1488 paterni
554 1404 747 1506 amici
801 1407 997 1488 atque
1049 1404 1359 1489 hospitis,
1420 1403 1708 1472 iniurias.
1799 1403 2029 1489 Neque
2084 1406 2256 1471 enim
2279 1403 2359 1467 21

235 1491 457 1577 magis
512 1492 765 1570 animos
818 1493 1155 1560 hominum
1202 1492 1575 1562 nocentium
1619 1514 1723 1559 res
1768 1515 2078 1578 umquam
2121 1496 2261 1561 ulla

148 1598 204 1639 ιε
237 1580 599 1646 commovit
624 1602 821 1664 quam
845 1580 1007 1646 haec
1038 1581 1359 1647 maiorum
1394 1582 1799 1683 consuetudo
1826 1582 2027 1669 longo
2063 1583 2260 1650 inter—

235 1669 419 1734 vallo
456 1668 735 1752 repetita
769 1689 846 1734 ac
879 1669 1107 1752 relata,
1152 1669 1476 1735 sociorum
1514 1669 1956 1753 querimoniae
2001 1670 2258 1740 delatae

239 1757 327 1822 ad
374 1755 706 1822 hominem
749 1777 884 1824 non
925 1757 1420 1841 inertissimum,
1475 1763 1812 1841 susceptae
1856 1758 1941 1824 ab
1984 1780 2094 1841 ec,
2144 1760 2262 1841 qui

237 1844 583 1910 videbatur
617 1866 841 1909 eorum
876 1844 1174 1911 fortunas
1218 1845 1346 1909 fide
1394 1807 1859 1929 diligentiaque
1905 1867 2019 1912 sua
2067 1867 2258 1928 posse

241 1931 599 1998 defendere.
673 1930 815 1997 Hoc
849 1932 1087 1998 timent
1120 1932 1435 2015 homines,
1470 1932 1595 1997 hoc
1634 1932 1958 2016 laborant,
2002 1932 2127 1999 hoc
2163 1933 2256 1997 in-
2293 1945 2361 1994 68

148 2040 210 2080 so
242 2022 433 2087 stitui
485 2025 684 2104 atque
739 2021 897 2086 adeo
953 2021 1331 2087 institutum
1383 2018 1610 2084 referri
1660 2041 1735 2086 ac
1781 2020 2084 2085 renovari
2126 2043 2259 2087 mo·

243 2112 407 2175 leste
460 2108 707 2193 ferunt3
768 2112 1006 2193 putant
1058 2107 1199 2175 fore
1253 2111 1356 2193 ut,
1418 2108 1477 2173 si
1528 2107 1847 2191 paulatim
1899 2108 2060 2174 haec
2111 2129 2258 2175 con-

242 2196 520 2264 suetudo
594 2218 852 2281 serpere
926 2217 1001 2263 ac
1070 2195 1330 2279 prodire
1403 2195 1714 2280 coeperit,
1785 2217 1901 2280 per
1962 2197 2257 2267 homines

240 2284 740 2352 honestissimos
778 2284 1079 2369 virosque
1113 2283 1531 2369 fortissimos,
1565 2306 1699 2351 non
1732 2285 2071 2369 imperitos
2110 2285 2259 2353 adu·

241 2374 636 2439 lescentulos
679 2376 793 2438 aut
836 2373 1016 2438 illius
1062 2372 1240 2439 modi
1287 2373 1827 2458 quadruplatores
1873 2375 2053 2460 leges
2098 2374 2259 2477 iudi·

150 2476 212 2520 2⁵
239 2462 471 2563 ciaque
522 2460 1070 2528 administrentur.
1152 2458 1350 2527 Cuius
1397 2462 1878 2529 consuetudinis
1925 2467 2120 2547 atque
2165 2464 2260 2530 in-
2294 2474 2362 2524 69

241 2549 463 2615 stituti
496 2553 717 2633 patres
754 2549 1160 2649 maioresque
1194 2552 1458 2614 nostros
1503 2570 1636 2617 non
1677 2551 2055 2634 paenitebat
2099 2555 2258 2632 tum,

127 2721 133 2725 1
240 2660 391 2704 cum
416 2636 488 2701 P.
515 2636 901 2720 Lentulus,
883 2658 941 2705 is
970 2637 1083 2720 qui
1108 2636 1407 2720 princeps
1435 2642 1700 2703 senatus
1727 2638 1874 2722 fuit,
1910 2638 2258 2704 accusabat

239 2725 347 2791 Μ’.
383 2724 722 2809 Aquilium
774 2725 1214 2808 subscriptore
1265 2722 1341 2791 G.
1385 2723 1636 2792 Rutilio
1686 2726 1887 2809 Rufo,
1942 2729 2057 2791 aut
2110 2746 2256 2791 cum

238 2814 313 2879 P.
367 2812 746 2898 Africanus,
811 2813 1009 2879 homo
1071 2811 1341 2894 virtute,
1401 2812 1694 2897 fortuna,
1758 2813 1998 2899 gloria,
2061 2813 2256 2878 rebus

154 2919 214 2959 so
242 2901 451 2988 gestis
503 2901 973 2986 amplissimuS,
1023 2905 1453 2986 posteaquam
1497 2901 1599 2967 bis
1646 2902 1873 2967 consul
1916 2906 1985 2966 et
2029 2921 2257 2968 censor

237 2990 475 3073 fuerat,
518 2988 589 3054 L.
627 2987 945 3054 Cottam
925 3011 997 3055 m
1038 2989 1348 3055 iudicium
1391 2990 1687 3056 vocabat.
1765 2988 1915 3055 Iure
1957 2993 2101 3054 tum
2145 2988 2258 3054 flo-

197 3079 431 3143 rebat
492 3077 720 3162 populi
781 3076 1060 3145 Romani
1121 3099 1385 3160 nomen,
1446 3077 1586 3142 iure
1651 3076 2005 3143 auctoritas
2062 3076 2255 3142 huius

238 3165 498 3251 imperii
531 3165 943 3248 civitatisque
981 3165 1290 3233 maiestas
1329 3165 1549 3251 gravis
1587 3165 1969 3232 habebatur.
2044 3162 2257 3230 Nemo

238 3253 659 3321 mirabatur
640 3276 711 3318 m
746 3252 1055 3321 Africano
1099 3254 1236 3336 illo,
1282 3252 1457 3338 quod
1499 3253 1571 3318 in
1616 3274 1719 3320 me
1762 3274 1950 3334 nunc,
1994 3251 2258 3318 homine

156 3357 212 3400 ⁸⁵
237 3342 461 3426 parvis
508 3341 740 3426 opibus
786 3363 863 3411 ac
905 3341 1333 3409 facultatibus
1377 3340 1701 3424 praedito,
1758 3341 2072 3406 simulant
2113 3362 2257 3408 sese

239 3431 493 3514 mirari,
566 3452 713 3497 cum
776 3430 1051 3497 moleste
1112 3429 1358 3494 ferunt·
1422 3425 1624 3502 Quid
1685 3429 1814 3495 sibi
1875 3429 2000 3495 iste
2067 3431 2255 3496 vult?
2293 3440 2364 3489 ’το

240 3524 766 3584 accusatoremne
803 3540 872 3584 se
916 3516 1294 3600 existimari,
1340 3515 1454 3600 qui
1489 3521 1683 3583 antea
1722 3516 2060 3585 defendere
2106 3540 2256 3586 con-
