<?xml version="1.0" encoding="UTF-8"?>
<!DOCTYPE html PUBLIC "-//W3C//DTD XHTML 1.0 Transitional//EN"
    "http://www.w3.org/TR/xhtml1/DTD/xhtml1-transitional.dtd">
<html xmlns="http://www.w3.org/1999/xhtml" xml:lang="en" lang="en">
 <head>
  <title>
</title>
<meta http-equiv="Content-Type" content="text/html;charset=utf-8" />
  <meta name='ocr-system' content='tesseract 3.04.00' />
  <meta name='ocr-capabilities' content='ocr_page ocr_carea ocr_par ocr_line ocrx_word'/>
</head>
<body>
  <div class='ocr_page' id='page_1' title='image "./scriptaquaemans00klotgoog_0349.png"; bbox 0 0 2566 4016; ppageno 0'>
   <div class='ocr_carea' id='block_1_1' title="bbox 769 213 2289 281">
    <p class='ocr_par' dir='ltr' id='par_1_1' title="bbox 769 213 2289 281">
     <span class='ocr_line' id='line_1_1' title="bbox 769 213 2289 281; baseline 0.009 -15"><span class='ocrx_word' id='word_1_1' title='bbox 769 213 903 267; x_wconf 73' lang='grc' dir='ltr'><strong>ΠΒ.</strong></span> <span class='ocrx_word' id='word_1_2' title='bbox 943 213 994 266; x_wconf 92' lang='lat'><strong>11</strong></span> <span class='ocrx_word' id='word_1_3' title='bbox 1048 213 1199 268; x_wconf 82' lang='lat' dir='ltr'>CAP.</span> <span class='ocrx_word' id='word_1_4' title='bbox 1240 221 1450 270; x_wconf 83' lang='lat'>34—-36</span> <span class='ocrx_word' id='word_1_5' title='bbox 1488 221 1518 280; x_wconf 67' lang='grc' dir='ltr'><strong>ς</strong></span> <span class='ocrx_word' id='word_1_6' title='bbox 1556 220 1782 270; x_wconf 82' lang='lat'><strong>83-89.</strong></span> <span class='ocrx_word' id='word_1_7' title='bbox 2160 215 2289 281; x_wconf 84' lang='lat'><strong>231</strong></span> 
     </span>
    </p>
   </div>
   <div class='ocr_carea' id='block_1_2' title="bbox 202 357 2293 1668">
    <p class='ocr_par' dir='ltr' id='par_1_2' title="bbox 202 357 2293 1668">
     <span class='ocr_line' id='line_1_2' title="bbox 281 357 2293 442; baseline 0 -18"><span class='ocrx_word' id='word_1_8' title='bbox 281 358 519 424; x_wconf 83' lang='lat' dir='ltr'><strong>sichori</strong></span> <span class='ocrx_word' id='word_1_9' title='bbox 547 360 781 441; x_wconf 63' lang='lat' dir='ltr'><strong>poetae</strong></span> <span class='ocrx_word' id='word_1_10' title='bbox 810 360 1029 421; x_wconf 90' lang='lat' dir='ltr'><strong>statua</strong></span> <span class='ocrx_word' id='word_1_11' title='bbox 1067 357 1289 422; x_wconf 86' lang='lat' dir='ltr'><strong>senilis</strong></span> <span class='ocrx_word' id='word_1_12' title='bbox 1326 358 1592 422; x_wconf 85' lang='lat' dir='ltr'><strong>incurva</strong></span> <span class='ocrx_word' id='word_1_13' title='bbox 1629 379 1774 423; x_wconf 92' lang='lat' dir='ltr'><strong>cum</strong></span> <span class='ocrx_word' id='word_1_14' title='bbox 1810 358 1980 424; x_wconf 89' lang='lat' dir='ltr'><strong>libro</strong></span> <span class='ocrx_word' id='word_1_15' title='bbox 2018 381 2293 442; x_wconf 89' lang='lat' dir='ltr'><strong>summ0‚</strong></span> 
     </span>
     <span class='ocr_line' id='line_1_3' title="bbox 281 444 2290 530; baseline 0 -20"><span class='ocrx_word' id='word_1_16' title='bbox 281 451 351 511; x_wconf 94' lang='lat' dir='ltr'><strong>ut</strong></span> <span class='ocrx_word' id='word_1_17' title='bbox 404 448 670 530; x_wconf 91' lang='lat' dir='ltr'><strong>putant,</strong></span> <span class='ocrx_word' id='word_1_18' title='bbox 733 444 1007 510; x_wconf 91' lang='lat' dir='ltr'><strong>artificio</strong></span> <span class='ocrx_word' id='word_1_19' title='bbox 1063 445 1266 527; x_wconf 87' lang='lat' dir='ltr'><strong>facta,</strong></span> <span class='ocrx_word' id='word_1_20' title='bbox 1327 445 1436 529; x_wconf 93' lang='lat' dir='ltr'><strong>qui</strong></span> <span class='ocrx_word' id='word_1_21' title='bbox 1489 445 1616 509; x_wconf 86' lang='lat' dir='ltr'><strong>fuit</strong></span> <span class='ocrx_word' id='word_1_22' title='bbox 1670 444 2003 529; x_wconf 78' lang='lat' dir='ltr'><strong>Himerae,</strong></span> <span class='ocrx_word' id='word_1_23' title='bbox 2058 448 2170 512; x_wconf 88' lang='lat' dir='ltr'><strong>sed</strong></span> <span class='ocrx_word' id='word_1_24' title='bbox 2224 453 2290 511; x_wconf 91' lang='lat' dir='ltr'><strong>et</strong></span> 
     </span>
     <span class='ocr_line' id='line_1_4' title="bbox 282 531 2290 619; baseline 0.001 -21"><span class='ocrx_word' id='word_1_25' title='bbox 282 540 380 598; x_wconf 90' lang='lat' dir='ltr'><strong>est</strong></span> <span class='ocrx_word' id='word_1_26' title='bbox 417 538 483 597; x_wconf 93' lang='lat' dir='ltr'><strong>et</strong></span> <span class='ocrx_word' id='word_1_27' title='bbox 518 532 648 596; x_wconf 85' lang='lat' dir='ltr'><strong>fuit</strong></span> <span class='ocrx_word' id='word_1_28' title='bbox 692 535 838 596; x_wconf 88' lang='lat' dir='ltr'><strong>tota</strong></span> <span class='ocrx_word' id='word_1_29' title='bbox 874 531 1145 596; x_wconf 79' lang='lat' dir='ltr'>Graecia</span> <span class='ocrx_word' id='word_1_30' title='bbox 1191 554 1445 597; x_wconf 93' lang='lat' dir='ltr'><strong>summo</strong></span> <span class='ocrx_word' id='word_1_31' title='bbox 1490 537 1759 617; x_wconf 90' lang='lat' dir='ltr'><strong>propter</strong></span> <span class='ocrx_word' id='word_1_32' title='bbox 1802 534 2132 619; x_wconf 87' lang='lat' dir='ltr'><strong>ingenium</strong></span> <span class='ocrx_word' id='word_1_33' title='bbox 2177 535 2290 599; x_wconf 89' lang='lat' dir='ltr'><strong>ho-</strong></span> 
     </span>
     <span class='ocr_line' id='line_1_5' title="bbox 280 618 2289 706; baseline -0.001 -20"><span class='ocrx_word' id='word_1_34' title='bbox 280 643 438 686; x_wconf 92' lang='lat' dir='ltr'><strong>nore</strong></span> <span class='ocrx_word' id='word_1_35' title='bbox 476 624 542 684; x_wconf 89' lang='lat' dir='ltr'><strong>et</strong></span> <span class='ocrx_word' id='word_1_36' title='bbox 581 620 858 684; x_wconf 90' lang='lat' dir='ltr'><strong>nomine.</strong></span> <span class='ocrx_word' id='word_1_37' title='bbox 938 618 1118 684; x_wconf 90' lang='lat' dir='ltr'><strong>Haec</strong></span> <span class='ocrx_word' id='word_1_38' title='bbox 1162 620 1288 684; x_wconf 88' lang='lat' dir='ltr'><strong>iste</strong></span> <span class='ocrx_word' id='word_1_39' title='bbox 1335 620 1417 684; x_wconf 90' lang='lat' dir='ltr'><strong>ad</strong></span> <span class='ocrx_word' id='word_1_40' title='bbox 1461 621 1781 685; x_wconf 90' lang='lat' dir='ltr'><strong>insaniam</strong></span> <span class='ocrx_word' id='word_1_41' title='bbox 1818 622 2289 706; x_wconf 73' lang='lat' dir='ltr'>concupiverat.</span> 
     </span>
     <span class='ocr_line' id='line_1_6' title="bbox 231 707 2291 792; baseline 0 -21"><span class='ocrx_word' id='word_1_42' title='bbox 231 725 258 765; x_wconf 76' lang='lat'>⁵</span> <span class='ocrx_word' id='word_1_43' title='bbox 282 709 530 791; x_wconf 90' lang='lat' dir='ltr'><strong>Etiam,</strong></span> <span class='ocrx_word' id='word_1_44' title='bbox 594 707 765 792; x_wconf 93' lang='lat' dir='ltr'><strong>quod</strong></span> <span class='ocrx_word' id='word_1_45' title='bbox 825 729 1030 791; x_wconf 88' lang='lat' dir='ltr'><strong>paene</strong></span> <span class='ocrx_word' id='word_1_46' title='bbox 1095 707 1427 791; x_wconf 90' lang='lat' dir='ltr'><strong>praeterii,</strong></span> <span class='ocrx_word' id='word_1_47' title='bbox 1492 708 1742 792; x_wconf 90' lang='lat' dir='ltr'><strong>capella</strong></span> <span class='ocrx_word' id='word_1_48' title='bbox 1802 710 2117 792; x_wconf 83' lang='lat' dir='ltr'><strong>quaedam</strong></span> <span class='ocrx_word' id='word_1_49' title='bbox 2172 713 2291 792; x_wconf 88' lang='lat' dir='ltr'><strong>est,</strong></span> 
     </span>
     <span class='ocr_line' id='line_1_7' title="bbox 286 795 2289 880; baseline 0 -20"><span class='ocrx_word' id='word_1_50' title='bbox 286 819 361 862; x_wconf 89' lang='lat' dir='ltr'><strong>ea</strong></span> <span class='ocrx_word' id='word_1_51' title='bbox 398 796 654 880; x_wconf 90' lang='lat' dir='ltr'><strong>quidem</strong></span> <span class='ocrx_word' id='word_1_52' title='bbox 692 795 873 878; x_wconf 88' lang='lat' dir='ltr'><strong>mire,</strong></span> <span class='ocrx_word' id='word_1_53' title='bbox 909 800 983 859; x_wconf 92' lang='lat' dir='ltr'><strong>ut</strong></span> <span class='ocrx_word' id='word_1_54' title='bbox 1020 796 1218 869; x_wconf 81' lang='lat' dir='ltr'><strong>etiam</strong></span> <span class='ocrx_word' id='word_1_55' title='bbox 1254 816 1395 878; x_wconf 67' lang='lat' dir='ltr'><strong>nost,</strong></span> <span class='ocrx_word' id='word_1_56' title='bbox 1432 796 1545 879; x_wconf 91' lang='lat' dir='ltr'><strong>qui</strong></span> <span class='ocrx_word' id='word_1_57' title='bbox 1578 797 1769 861; x_wconf 86' lang='lat' dir='ltr'><strong>rudes</strong></span> <span class='ocrx_word' id='word_1_58' title='bbox 1805 796 2038 861; x_wconf 91' lang='lat' dir='ltr'><strong>harum</strong></span> <span class='ocrx_word' id='word_1_59' title='bbox 2074 819 2289 861; x_wconf 91' lang='lat' dir='ltr'><strong>rerum</strong></span> 
     </span>
     <span class='ocr_line' id='line_1_8' title="bbox 282 883 2289 968; baseline 0 -20"><span class='ocrx_word' id='word_1_60' title='bbox 282 905 529 968; x_wconf 89' lang='lat' dir='ltr'><strong>sumus,</strong></span> <span class='ocrx_word' id='word_1_61' title='bbox 582 883 963 967; x_wconf 75' lang='lat' dir='ltr'><strong>intellegere</strong></span> <span class='ocrx_word' id='word_1_62' title='bbox 1017 903 1362 967; x_wconf 87' lang='lat' dir='ltr'><strong>possumus</strong></span> <span class='ocrx_word' id='word_1_63' title='bbox 1372 933 1389 965; x_wconf 92' lang='lat'><strong>,</strong></span> <span class='ocrx_word' id='word_1_64' title='bbox 1446 883 1604 948; x_wconf 86' lang='lat' dir='ltr'><strong>scite</strong></span> <span class='ocrx_word' id='word_1_65' title='bbox 1656 883 1832 949; x_wconf 85' lang='lat' dir='ltr'><strong>facta</strong></span> <span class='ocrx_word' id='word_1_66' title='bbox 1887 888 1954 948; x_wconf 88' lang='lat' dir='ltr'><strong>et</strong></span> <span class='ocrx_word' id='word_1_67' title='bbox 2003 889 2289 948; x_wconf 88' lang='lat' dir='ltr'><strong>venuste.</strong></span> 
     </span>
     <span class='ocr_line' id='line_1_9' title="bbox 277 967 2288 1057; baseline 0 -22"><span class='ocrx_word' id='word_1_68' title='bbox 277 970 457 1036; x_wconf 92' lang='lat' dir='ltr'><strong>Haec</strong></span> <span class='ocrx_word' id='word_1_69' title='bbox 522 975 589 1036; x_wconf 91' lang='lat' dir='ltr'><strong>et</strong></span> <span class='ocrx_word' id='word_1_70' title='bbox 652 970 782 1034; x_wconf 89' lang='lat' dir='ltr'><strong>alia</strong></span> <span class='ocrx_word' id='word_1_71' title='bbox 845 967 1060 1054; x_wconf 82' lang='lat' dir='ltr'><strong>Scipio</strong></span> <span class='ocrx_word' id='word_1_72' title='bbox 1124 992 1256 1035; x_wconf 94' lang='lat' dir='ltr'><strong>non</strong></span> <span class='ocrx_word' id='word_1_73' title='bbox 1319 971 1739 1057; x_wconf 75' lang='lat' dir='ltr'><strong>neglegenter</strong></span> <span class='ocrx_word' id='word_1_74' title='bbox 1804 971 2152 1055; x_wconf 88' lang='lat' dir='ltr'><strong>abiecerat,</strong></span> <span class='ocrx_word' id='word_1_75' title='bbox 2215 976 2288 1036; x_wconf 92' lang='lat' dir='ltr'><strong>ut</strong></span> 
     </span>
     <span class='ocr_line' id='line_1_10' title="bbox 278 1057 2290 1143; baseline -0.001 -20"><span class='ocrx_word' id='word_1_76' title='bbox 278 1060 473 1124; x_wconf 91' lang='lat' dir='ltr'><strong>homo</strong></span> <span class='ocrx_word' id='word_1_77' title='bbox 529 1058 916 1143; x_wconf 87' lang='lat' dir='ltr'><strong>intellegens</strong></span> <span class='ocrx_word' id='word_1_78' title='bbox 954 1057 1191 1123; x_wconf 83' lang='lat' dir='ltr'><strong>Verres</strong></span> <span class='ocrx_word' id='word_1_79' title='bbox 1244 1058 1497 1122; x_wconf 90' lang='lat' dir='ltr'><strong>auferre</strong></span> <span class='ocrx_word' id='word_1_80' title='bbox 1541 1062 1791 1143; x_wconf 88' lang='lat' dir='ltr'><strong>posset,</strong></span> <span class='ocrx_word' id='word_1_81' title='bbox 1845 1059 1958 1123; x_wconf 92' lang='lat' dir='ltr'><strong>sed</strong></span> <span class='ocrx_word' id='word_1_82' title='bbox 2003 1060 2290 1125; x_wconf 88' lang='lat' dir='ltr'><strong>Thermi-</strong></span> 
     </span>
     <span class='ocr_line' id='line_1_11' title="bbox 204 1142 2289 1229; baseline 0.003 -25"><span class='ocrx_word' id='word_1_83' title='bbox 204 1163 255 1204; x_wconf 85' lang='grc' dir='ltr'><strong>ιο</strong></span> <span class='ocrx_word' id='word_1_84' title='bbox 280 1148 452 1211; x_wconf 91' lang='lat' dir='ltr'><strong>tanis</strong></span> <span class='ocrx_word' id='word_1_85' title='bbox 491 1146 886 1227; x_wconf 73' lang='lat' dir='ltr'><strong>restituerat,</strong></span> <span class='ocrx_word' id='word_1_86' title='bbox 922 1142 1272 1228; x_wconf 53' lang='lat' dir='ltr'><strong>non*quo</strong></span> <span class='ocrx_word' id='word_1_87' title='bbox 1253 1167 1394 1229; x_wconf 84' lang='lat' dir='ltr'><strong>ipse</strong></span> <span class='ocrx_word' id='word_1_88' title='bbox 1431 1146 1658 1210; x_wconf 88' lang='lat' dir='ltr'><strong>hortos</strong></span> <span class='ocrx_word' id='word_1_89' title='bbox 1698 1151 1810 1210; x_wconf 90' lang='lat' dir='ltr'><strong>aut</strong></span> <span class='ocrx_word' id='word_1_90' title='bbox 1848 1147 2289 1212; x_wconf 87' lang='lat' dir='ltr'><strong>suburbanum</strong></span> 
     </span>
     <span class='ocr_line' id='line_1_12' title="bbox 282 1233 2289 1317; baseline 0 -19"><span class='ocrx_word' id='word_1_91' title='bbox 282 1237 395 1298; x_wconf 86' lang='lat' dir='ltr'><strong>aut</strong></span> <span class='ocrx_word' id='word_1_92' title='bbox 448 1235 662 1299; x_wconf 92' lang='lat' dir='ltr'><strong>locum</strong></span> <span class='ocrx_word' id='word_1_93' title='bbox 719 1233 1010 1315; x_wconf 90' lang='lat' dir='ltr'><strong>omnino,</strong></span> <span class='ocrx_word' id='word_1_94' title='bbox 1064 1233 1178 1297; x_wconf 91' lang='lat' dir='ltr'><strong>ubi</strong></span> <span class='ocrx_word' id='word_1_95' title='bbox 1231 1254 1309 1297; x_wconf 91' lang='lat' dir='ltr'><strong>ea</strong></span> <span class='ocrx_word' id='word_1_96' title='bbox 1352 1237 1648 1317; x_wconf 88' lang='lat' dir='ltr'><strong>poneret,</strong></span> <span class='ocrx_word' id='word_1_97' title='bbox 1702 1234 1955 1298; x_wconf 91' lang='lat' dir='ltr'><strong>nullum</strong></span> <span class='ocrx_word' id='word_1_98' title='bbox 2000 1234 2289 1316; x_wconf 88' lang='lat' dir='ltr'><strong>haberet,</strong></span> 
     </span>
     <span class='ocr_line' id='line_1_13' title="bbox 283 1320 2288 1406; baseline -0 -20"><span class='ocrx_word' id='word_1_99' title='bbox 283 1321 394 1386; x_wconf 89' lang='lat' dir='ltr'><strong>sed</strong></span> <span class='ocrx_word' id='word_1_100' title='bbox 457 1321 655 1404; x_wconf 93' lang='lat' dir='ltr'><strong>quod,</strong></span> <span class='ocrx_word' id='word_1_101' title='bbox 718 1320 774 1384; x_wconf 89' lang='lat' dir='ltr'><strong>si</strong></span> <span class='ocrx_word' id='word_1_102' title='bbox 829 1321 1090 1385; x_wconf 88' lang='lat' dir='ltr'><strong>domum</strong></span> <span class='ocrx_word' id='word_1_103' title='bbox 1151 1320 1558 1403; x_wconf 87' lang='lat' dir='ltr'><strong>abstulisset,</strong></span> <span class='ocrx_word' id='word_1_104' title='bbox 1621 1342 1753 1385; x_wconf 93' lang='lat' dir='ltr'><strong>non</strong></span> <span class='ocrx_word' id='word_1_105' title='bbox 1807 1321 1914 1385; x_wconf 92' lang='lat' dir='ltr'><strong>diu</strong></span> <span class='ocrx_word' id='word_1_106' title='bbox 1971 1320 2288 1406; x_wconf 83' lang='lat' dir='ltr'><strong>Scipionis</strong></span> 
     </span>
     <span class='ocr_line' id='line_1_14' title="bbox 281 1408 2289 1493; baseline 0.001 -21"><span class='ocrx_word' id='word_1_107' title='bbox 281 1409 783 1493; x_wconf 86' lang='lat' dir='ltr'><strong>appellarentur,</strong></span> <span class='ocrx_word' id='word_1_108' title='bbox 829 1408 942 1473; x_wconf 90' lang='lat' dir='ltr'><strong>sed</strong></span> <span class='ocrx_word' id='word_1_109' title='bbox 980 1429 1220 1492; x_wconf 92' lang='lat' dir='ltr'><strong>eorum,</strong></span> <span class='ocrx_word' id='word_1_110' title='bbox 1267 1408 1349 1472; x_wconf 92' lang='lat' dir='ltr'><strong>ad</strong></span> <span class='ocrx_word' id='word_1_111' title='bbox 1387 1429 1821 1493; x_wconf 89' lang='lat' dir='ltr'><strong>quoscumque</strong></span> <span class='ocrx_word' id='word_1_112' title='bbox 1858 1409 2035 1474; x_wconf 89' lang='lat' dir='ltr'><strong>illius</strong></span> <span class='ocrx_word' id='word_1_113' title='bbox 2079 1414 2289 1474; x_wconf 88' lang='lat' dir='ltr'><strong>morte</strong></span> 
     </span>
     <span class='ocr_line' id='line_1_15' title="bbox 278 1495 2289 1581; baseline 0 -20"><span class='ocrx_word' id='word_1_114' title='bbox 278 1496 637 1579; x_wconf 82' lang='lat' dir='ltr'><strong>venissent3</strong></span> <span class='ocrx_word' id='word_1_115' title='bbox 682 1518 851 1560; x_wconf 92' lang='lat' dir='ltr'><strong>nunc</strong></span> <span class='ocrx_word' id='word_1_116' title='bbox 887 1496 968 1559; x_wconf 91' lang='lat' dir='ltr'><strong>iis</strong></span> <span class='ocrx_word' id='word_1_117' title='bbox 1015 1496 1176 1565; x_wconf 89' lang='lat' dir='ltr'><strong>locis</strong></span> <span class='ocrx_word' id='word_1_118' title='bbox 1220 1495 1441 1580; x_wconf 90' lang='lat' dir='ltr'><strong>posita</strong></span> <span class='ocrx_word' id='word_1_119' title='bbox 1486 1501 1665 1580; x_wconf 89' lang='lat' dir='ltr'><strong>sunt,</strong></span> <span class='ocrx_word' id='word_1_120' title='bbox 1709 1500 1783 1561; x_wconf 91' lang='lat' dir='ltr'><strong>ut</strong></span> <span class='ocrx_word' id='word_1_121' title='bbox 1828 1497 1989 1561; x_wconf 91' lang='lat' dir='ltr'><strong>mihi</strong></span> <span class='ocrx_word' id='word_1_122' title='bbox 2035 1519 2289 1581; x_wconf 89' lang='lat' dir='ltr'><strong>semper</strong></span> 
     </span>
     <span class='ocr_line' id='line_1_16' title="bbox 202 1582 1792 1668; baseline 0.001 -20"><span class='ocrx_word' id='word_1_123' title='bbox 202 1600 252 1640; x_wconf 77' lang='lat'><strong>1⁶</strong></span> <span class='ocrx_word' id='word_1_124' title='bbox 280 1582 598 1668; x_wconf 84' lang='lat' dir='ltr'><strong>Scipionis</strong></span> <span class='ocrx_word' id='word_1_125' title='bbox 643 1583 783 1647; x_wconf 86' lang='lat' dir='ltr'><strong>fore</strong></span> <span class='ocrx_word' id='word_1_126' title='bbox 829 1584 1169 1648; x_wconf 88' lang='lat' dir='ltr'><strong>videantur</strong></span> <span class='ocrx_word' id='word_1_127' title='bbox 1212 1584 1434 1668; x_wconf 91' lang='lat' dir='ltr'><strong>itaque</strong></span> <span class='ocrx_word' id='word_1_128' title='bbox 1481 1584 1792 1649; x_wconf 90' lang='lat' dir='ltr'><strong>dicantur.</strong></span> 
     </span>
    </p>
   </div>
   <div class='ocr_carea' id='block_1_3' title="bbox 409 1645 2355 1768">
    <p class='ocr_par' dir='ltr' id='par_1_3' title="bbox 409 1645 2355 1768">
     <span class='ocr_line' id='line_1_17' title="bbox 409 1645 2355 1768; baseline 0.001 -32"><span class='ocrx_word' id='word_1_129' title='bbox 409 1671 589 1737; x_wconf 90' lang='lat' dir='ltr'><strong>Haec</strong></span> <span class='ocrx_word' id='word_1_130' title='bbox 626 1693 772 1737; x_wconf 89' lang='lat' dir='ltr'><strong>cum</strong></span> <span class='ocrx_word' id='word_1_131' title='bbox 817 1672 942 1735; x_wconf 87' lang='lat' dir='ltr'><strong>iste</strong></span> <span class='ocrx_word' id='word_1_132' title='bbox 989 1675 1282 1755; x_wconf 87' lang='lat' dir='ltr'><strong>posceret</strong></span> <span class='ocrx_word' id='word_1_133' title='bbox 1329 1675 1757 1756; x_wconf 86' lang='lat' dir='ltr'><strong>agereturque</strong></span> <span class='ocrx_word' id='word_1_134' title='bbox 1804 1695 1880 1737; x_wconf 89' lang='lat' dir='ltr'><strong>ea</strong></span> <span class='ocrx_word' id='word_1_135' title='bbox 1925 1695 2028 1738; x_wconf 90' lang='lat' dir='ltr'><strong>res</strong></span> <span class='ocrx_word' id='word_1_136' title='bbox 2074 1672 2144 1736; x_wconf 94' lang='lat' dir='ltr'><strong>in</strong></span> <span class='ocrx_word' id='word_1_137' title='bbox 2190 1695 2287 1738; x_wconf 88' lang='lat' dir='ltr'><strong>se-</strong></span> <span class='ocrx_word' id='word_1_138' title='bbox 2307 1645 2355 1768; x_wconf 74' lang='lat'><strong>38</strong></span> 
     </span>
    </p>
   </div>
   <div class='ocr_carea' id='block_1_4' title="bbox 185 1720 2355 3597">
    <p class='ocr_par' dir='ltr' id='par_1_4' title="bbox 185 1720 2355 3597">
     <span class='ocr_line' id='line_1_18' title="bbox 277 1720 2355 1861; baseline -0 -37"><span class='ocrx_word' id='word_1_139' title='bbox 277 1764 488 1861; x_wconf 34' lang='lat' dir='ltr'><strong>natu&amp;</strong></span> <span class='ocrx_word' id='word_1_140' title='bbox 520 1756 825 1824; x_wconf 86' lang='lat' dir='ltr'><strong>Sthenius</strong></span> <span class='ocrx_word' id='word_1_141' title='bbox 879 1758 1445 1823; x_wconf 86' lang='lat' dir='ltr'><strong>vehementissime</strong></span> <span class='ocrx_word' id='word_1_142' title='bbox 1499 1759 1746 1823; x_wconf 88' lang='lat' dir='ltr'><strong>restitit</strong></span> <span class='ocrx_word' id='word_1_143' title='bbox 1798 1761 2184 1843; x_wconf 88' lang='lat' dir='ltr'><strong>multaque,</strong></span> <span class='ocrx_word' id='word_1_144' title='bbox 2213 1720 2355 1823; x_wconf 87' lang='lat' dir='ltr'><strong>ut8</strong></span> 
     </span>
     <span class='ocr_line' id='line_1_19' title="bbox 277 1844 2287 1931; baseline 0.001 -21"><span class='ocrx_word' id='word_1_145' title='bbox 277 1848 348 1910; x_wconf 93' lang='lat' dir='ltr'><strong>in</strong></span> <span class='ocrx_word' id='word_1_146' title='bbox 390 1847 618 1931; x_wconf 89' lang='lat' dir='ltr'><strong>primis</strong></span> <span class='ocrx_word' id='word_1_147' title='bbox 664 1844 1026 1911; x_wconf 91' lang='lat' dir='ltr'><strong>Siculorum</strong></span> <span class='ocrx_word' id='word_1_148' title='bbox 1076 1847 1146 1909; x_wconf 89' lang='lat' dir='ltr'><strong>in</strong></span> <span class='ocrx_word' id='word_1_149' title='bbox 1190 1846 1457 1910; x_wconf 90' lang='lat' dir='ltr'><strong>dicendo</strong></span> <span class='ocrx_word' id='word_1_150' title='bbox 1504 1846 1802 1930; x_wconf 87' lang='lat' dir='ltr'><strong>copiosus</strong></span> <span class='ocrx_word' id='word_1_151' title='bbox 1850 1851 1968 1930; x_wconf 89' lang='lat' dir='ltr'><strong>est,</strong></span> <span class='ocrx_word' id='word_1_152' title='bbox 2014 1868 2287 1911; x_wconf 90' lang='lat' dir='ltr'><strong>comme-</strong></span> 
     </span>
     <span class='ocr_line' id='line_1_20' title="bbox 279 1897 2285 2017; baseline -0.001 -18"><span class='ocrx_word' id='word_1_153' title='bbox 279 1935 582 1999; x_wconf 82' lang='lat' dir='ltr'><strong>moravit:</strong></span> <span class='ocrx_word' id='word_1_154' title='bbox 628 1934 853 1999; x_wconf 89' lang='lat' dir='ltr'><strong>urbem</strong></span> <span class='ocrx_word' id='word_1_155' title='bbox 890 1934 1252 2017; x_wconf 90' lang='lat' dir='ltr'><strong>relinquere</strong></span> <span class='ocrx_word' id='word_1_156' title='bbox 1289 1932 1728 1997; x_wconf 85' lang='lat' dir='ltr'><strong>Thermitanis</strong></span> <span class='ocrx_word' id='word_1_157' title='bbox 1767 1954 1907 1998; x_wconf 90' lang='lat' dir='ltr'><strong>esse</strong></span> <span class='ocrx_word' id='word_1_158' title='bbox 1948 1897 2285 1999; x_wconf 79' lang='lat' dir='ltr'><strong>honestius</strong></span> 
     </span>
     <span class='ocr_line' id='line_1_21' title="bbox 196 2008 2287 2108; baseline -0 -20"><span class='ocrx_word' id='word_1_159' title='bbox 196 2039 250 2079; x_wconf 78' lang='lat'><strong>20</strong></span> <span class='ocrx_word' id='word_1_160' title='bbox 277 2008 473 2108; x_wconf 87' lang='lat' dir='ltr'><strong>quam</strong></span> <span class='ocrx_word' id='word_1_161' title='bbox 518 2023 658 2107; x_wconf 87' lang='lat' dir='ltr'><strong>pati</strong></span> <span class='ocrx_word' id='word_1_162' title='bbox 702 2023 853 2087; x_wconf 88' lang='lat' dir='ltr'><strong>tolli</strong></span> <span class='ocrx_word' id='word_1_163' title='bbox 897 2044 975 2086; x_wconf 85' lang='lat' dir='ltr'><strong>ex</strong></span> <span class='ocrx_word' id='word_1_164' title='bbox 1018 2022 1179 2086; x_wconf 88' lang='lat' dir='ltr'><strong>urbe</strong></span> <span class='ocrx_word' id='word_1_165' title='bbox 1225 2026 1646 2085; x_wconf 90' lang='lat' dir='ltr'><strong>monumenta</strong></span> <span class='ocrx_word' id='word_1_166' title='bbox 1694 2022 2031 2105; x_wconf 91' lang='lat' dir='ltr'><strong>maiorum,</strong></span> <span class='ocrx_word' id='word_1_167' title='bbox 2077 2023 2287 2106; x_wconf 88' lang='lat' dir='ltr'><strong>spolia</strong></span> 
     </span>
     <span class='ocr_line' id='line_1_22' title="bbox 275 2108 2285 2193; baseline -0 -17"><span class='ocrx_word' id='word_1_168' title='bbox 275 2112 592 2193; x_wconf 89' lang='lat' dir='ltr'><strong>hostium,</strong></span> <span class='ocrx_word' id='word_1_169' title='bbox 663 2110 974 2175; x_wconf 90' lang='lat' dir='ltr'><strong>beneficia</strong></span> <span class='ocrx_word' id='word_1_170' title='bbox 1037 2109 1383 2174; x_wconf 86' lang='lat' dir='ltr'><strong>clarissimi</strong></span> <span class='ocrx_word' id='word_1_171' title='bbox 1445 2109 1595 2192; x_wconf 83' lang='lat' dir='ltr'><strong>viri,</strong></span> <span class='ocrx_word' id='word_1_172' title='bbox 1656 2108 1893 2174; x_wconf 90' lang='lat' dir='ltr'><strong>indicia</strong></span> <span class='ocrx_word' id='word_1_173' title='bbox 1957 2109 2285 2175; x_wconf 91' lang='lat' dir='ltr'><strong>societatis</strong></span> 
     </span>
     <span class='ocr_line' id='line_1_23' title="bbox 277 2195 2287 2282; baseline -0 -19"><span class='ocrx_word' id='word_1_174' title='bbox 277 2199 506 2282; x_wconf 90' lang='lat' dir='ltr'><strong>populi</strong></span> <span class='ocrx_word' id='word_1_175' title='bbox 541 2197 820 2262; x_wconf 84' lang='lat' dir='ltr'><strong>Romani</strong></span> <span class='ocrx_word' id='word_1_176' title='bbox 858 2201 1053 2281; x_wconf 89' lang='lat' dir='ltr'><strong>atque</strong></span> <span class='ocrx_word' id='word_1_177' title='bbox 1100 2196 1441 2262; x_wconf 87' lang='lat' dir='ltr'><strong>amicitiae.</strong></span> <span class='ocrx_word' id='word_1_178' title='bbox 1516 2195 1842 2262; x_wconf 84' lang='lat' dir='ltr'><strong>Commoti</strong></span> <span class='ocrx_word' id='word_1_179' title='bbox 1888 2197 2089 2262; x_wconf 88' lang='lat' dir='ltr'><strong>animi</strong></span> <span class='ocrx_word' id='word_1_180' title='bbox 2134 2202 2287 2262; x_wconf 88' lang='lat' dir='ltr'><strong>sunt</strong></span> 
     </span>
     <span class='ocr_line' id='line_1_24' title="bbox 279 2285 2286 2369; baseline 0.001 -21"><span class='ocrx_word' id='word_1_181' title='bbox 279 2286 595 2368; x_wconf 81' lang='lat' dir='ltr'><strong>omnium3</strong></span> <span class='ocrx_word' id='word_1_182' title='bbox 657 2289 952 2369; x_wconf 88' lang='lat' dir='ltr'><strong>repertus</strong></span> <span class='ocrx_word' id='word_1_183' title='bbox 1018 2288 1119 2350; x_wconf 87' lang='lat' dir='ltr'><strong>est</strong></span> <span class='ocrx_word' id='word_1_184' title='bbox 1181 2306 1372 2349; x_wconf 88' lang='lat' dir='ltr'><strong>nemo</strong></span> <span class='ocrx_word' id='word_1_185' title='bbox 1383 2335 1400 2367; x_wconf 92' lang='lat'><strong>,</strong></span> <span class='ocrx_word' id='word_1_186' title='bbox 1463 2285 1576 2368; x_wconf 90' lang='lat' dir='ltr'><strong>qui</strong></span> <span class='ocrx_word' id='word_1_187' title='bbox 1637 2306 1770 2350; x_wconf 93' lang='lat' dir='ltr'><strong>non</strong></span> <span class='ocrx_word' id='word_1_188' title='bbox 1824 2286 1991 2350; x_wconf 92' lang='lat' dir='ltr'><strong>mori</strong></span> <span class='ocrx_word' id='word_1_189' title='bbox 2047 2286 2286 2351; x_wconf 89' lang='lat' dir='ltr'><strong>diceret</strong></span> 
     </span>
     <span class='ocr_line' id='line_1_25' title="bbox 279 2372 2286 2457; baseline 0 -20"><span class='ocrx_word' id='word_1_190' title='bbox 279 2372 484 2437; x_wconf 89' lang='lat' dir='ltr'><strong>satius</strong></span> <span class='ocrx_word' id='word_1_191' title='bbox 532 2372 990 2457; x_wconf 88' lang='lat' dir='ltr'><strong>esse.1taque</strong></span> <span class='ocrx_word' id='word_1_192' title='bbox 1026 2373 1149 2439; x_wconf 92' lang='lat' dir='ltr'><strong>hoc</strong></span> <span class='ocrx_word' id='word_1_193' title='bbox 1186 2373 1394 2437; x_wconf 90' lang='lat' dir='ltr'><strong>adhuc</strong></span> <span class='ocrx_word' id='word_1_194' title='bbox 1431 2373 1738 2457; x_wconf 89' lang='lat' dir='ltr'><strong>oppidum</strong></span> <span class='ocrx_word' id='word_1_195' title='bbox 1765 2372 2002 2439; x_wconf 87' lang='lat' dir='ltr'><strong>Verres</strong></span> <span class='ocrx_word' id='word_1_196' title='bbox 2039 2375 2286 2439; x_wconf 86' lang='lat' dir='ltr'><strong>invenit</strong></span> 
     </span>
     <span class='ocr_line' id='line_1_26' title="bbox 194 2461 2288 2546; baseline 0 -22"><span class='ocrx_word' id='word_1_197' title='bbox 194 2474 249 2515; x_wconf 77' lang='lat'><strong>2⁵</strong></span> <span class='ocrx_word' id='word_1_198' title='bbox 276 2482 479 2546; x_wconf 92' lang='lat' dir='ltr'><strong>prope</strong></span> <span class='ocrx_word' id='word_1_199' title='bbox 531 2462 741 2527; x_wconf 89' lang='lat' dir='ltr'><strong>solum</strong></span> <span class='ocrx_word' id='word_1_200' title='bbox 787 2462 857 2524; x_wconf 95' lang='lat' dir='ltr'><strong>in</strong></span> <span class='ocrx_word' id='word_1_201' title='bbox 902 2461 1059 2525; x_wconf 91' lang='lat' dir='ltr'><strong>orbe</strong></span> <span class='ocrx_word' id='word_1_202' title='bbox 1103 2465 1451 2543; x_wconf 89' lang='lat' dir='ltr'><strong>terrarum,</strong></span> <span class='ocrx_word' id='word_1_203' title='bbox 1506 2461 1672 2525; x_wconf 92' lang='lat' dir='ltr'><strong>unde</strong></span> <span class='ocrx_word' id='word_1_204' title='bbox 1717 2461 1881 2525; x_wconf 91' lang='lat' dir='ltr'><strong>nihil</strong></span> <span class='ocrx_word' id='word_1_205' title='bbox 1929 2462 2065 2527; x_wconf 89' lang='lat' dir='ltr'><strong>eius</strong></span> <span class='ocrx_word' id='word_1_206' title='bbox 2112 2462 2288 2528; x_wconf 92' lang='lat' dir='ltr'><strong>modi</strong></span> 
     </span>
     <span class='ocr_line' id='line_1_27' title="bbox 274 2548 2286 2644; baseline 0.001 -31"><span class='ocrx_word' id='word_1_207' title='bbox 274 2571 492 2614; x_wconf 90' lang='lat' dir='ltr'><strong>rerum</strong></span> <span class='ocrx_word' id='word_1_208' title='bbox 529 2549 605 2613; x_wconf 90' lang='lat' dir='ltr'><strong>de</strong></span> <span class='ocrx_word' id='word_1_209' title='bbox 642 2549 902 2634; x_wconf 89' lang='lat' dir='ltr'><strong>publico</strong></span> <span class='ocrx_word' id='word_1_210' title='bbox 940 2570 1057 2633; x_wconf 92' lang='lat' dir='ltr'><strong>per</strong></span> <span class='ocrx_word' id='word_1_211' title='bbox 1092 2548 1244 2632; x_wconf 83' lang='lat' dir='ltr'><strong>vim,</strong></span> <span class='ocrx_word' id='word_1_212' title='bbox 1278 2548 1445 2611; x_wconf 91' lang='lat' dir='ltr'><strong>nihil</strong></span> <span class='ocrx_word' id='word_1_213' title='bbox 1483 2549 1749 2632; x_wconf 92' lang='lat' dir='ltr'><strong>occulte,</strong></span> <span class='ocrx_word' id='word_1_214' title='bbox 1792 2550 2011 2613; x_wconf 91' lang='lat' dir='ltr'><strong>nihil</strong></span> <span class='ocrx_word' id='word_1_215' title='bbox 1993 2551 2286 2644; x_wconf 84' lang='lat' dir='ltr'><strong>imperi0,</strong></span> 
     </span>
     <span class='ocr_line' id='line_1_28' title="bbox 273 2633 2285 2721; baseline 0.001 -23"><span class='ocrx_word' id='word_1_216' title='bbox 273 2637 442 2699; x_wconf 91' lang='lat' dir='ltr'><strong>nihil</strong></span> <span class='ocrx_word' id='word_1_217' title='bbox 482 2638 716 2719; x_wconf 87' lang='lat' dir='ltr'><strong>gratia,</strong></span> <span class='ocrx_word' id='word_1_218' title='bbox 758 2636 925 2700; x_wconf 92' lang='lat' dir='ltr'><strong>nihil</strong></span> <span class='ocrx_word' id='word_1_219' title='bbox 962 2636 1176 2721; x_wconf 89' lang='lat' dir='ltr'><strong>pretio</strong></span> <span class='ocrx_word' id='word_1_220' title='bbox 1213 2639 1438 2719; x_wconf 86' lang='lat' dir='ltr'><strong>posset</strong></span> <span class='ocrx_word' id='word_1_221' title='bbox 1476 2636 1743 2701; x_wconf 90' lang='lat' dir='ltr'><strong>auferre.</strong></span> <span class='ocrx_word' id='word_1_222' title='bbox 1807 2633 2051 2701; x_wconf 83' lang='lat' dir='ltr'><strong>Verum</strong></span> <span class='ocrx_word' id='word_1_223' title='bbox 2092 2637 2285 2702; x_wconf 90' lang='lat' dir='ltr'><strong>hasce</strong></span> 
     </span>
     <span class='ocr_line' id='line_1_29' title="bbox 279 2721 2284 2807; baseline 0.002 -24"><span class='ocrx_word' id='word_1_224' title='bbox 279 2722 416 2784; x_wconf 90' lang='lat' dir='ltr'><strong>eius</strong></span> <span class='ocrx_word' id='word_1_225' title='bbox 455 2722 842 2804; x_wconf 89' lang='lat' dir='ltr'><strong>cupiditates</strong></span> <span class='ocrx_word' id='word_1_226' title='bbox 880 2745 1197 2807; x_wconf 86' lang='lat' dir='ltr'><strong>exponam</strong></span> <span class='ocrx_word' id='word_1_227' title='bbox 1235 2723 1366 2787; x_wconf 91' lang='lat' dir='ltr'><strong>alio</strong></span> <span class='ocrx_word' id='word_1_228' title='bbox 1404 2723 1574 2805; x_wconf 86' lang='lat' dir='ltr'><strong>loco;</strong></span> <span class='ocrx_word' id='word_1_229' title='bbox 1621 2745 1790 2788; x_wconf 92' lang='lat' dir='ltr'><strong>nunc</strong></span> <span class='ocrx_word' id='word_1_230' title='bbox 1828 2724 1909 2787; x_wconf 90' lang='lat' dir='ltr'><strong>ad</strong></span> <span class='ocrx_word' id='word_1_231' title='bbox 1946 2721 2284 2788; x_wconf 89' lang='lat' dir='ltr'><strong>Sthenium</strong></span> 
     </span>
     <span class='ocr_line' id='line_1_30' title="bbox 276 2809 2284 2876; baseline 0.002 -6"><span class='ocrx_word' id='word_1_232' title='bbox 276 2810 587 2871; x_wconf 85' lang='lat' dir='ltr'><strong>revertar.</strong></span> <span class='ocrx_word' id='word_1_233' title='bbox 667 2809 884 2874; x_wconf 87' lang='lat' dir='ltr'><strong>Iratus</strong></span> <span class='ocrx_word' id='word_1_234' title='bbox 931 2811 1056 2874; x_wconf 90' lang='lat' dir='ltr'><strong>iste</strong></span> <span class='ocrx_word' id='word_1_235' title='bbox 1100 2811 1515 2875; x_wconf 85' lang='lat' dir='ltr'><strong>vehementer</strong></span> <span class='ocrx_word' id='word_1_236' title='bbox 1561 2809 1829 2875; x_wconf 91' lang='lat' dir='ltr'><strong>Sthenio</strong></span> <span class='ocrx_word' id='word_1_237' title='bbox 1878 2814 1942 2874; x_wconf 94' lang='lat' dir='ltr'><strong>et</strong></span> <span class='ocrx_word' id='word_1_238' title='bbox 1987 2812 2284 2876; x_wconf 86' lang='lat' dir='ltr'><strong>incensus</strong></span> 
     </span>
     <span class='ocr_line' id='line_1_31' title="bbox 192 2894 2284 2983; baseline 0.002 -24"><span class='ocrx_word' id='word_1_239' title='bbox 192 2912 249 2952; x_wconf 74' lang='lat'><strong>80</strong></span> <span class='ocrx_word' id='word_1_240' title='bbox 279 2894 665 2978; x_wconf 90' lang='lat' dir='ltr'><strong>hospitium</strong></span> <span class='ocrx_word' id='word_1_241' title='bbox 679 2896 739 2959; x_wconf 89' lang='lat' dir='ltr'><strong>ei</strong></span> <span class='ocrx_word' id='word_1_242' title='bbox 775 2899 1121 2982; x_wconf 89' lang='lat' dir='ltr'><strong>renuntiat,</strong></span> <span class='ocrx_word' id='word_1_243' title='bbox 1167 2899 1359 2964; x_wconf 91' lang='lat' dir='ltr'><strong>domo</strong></span> <span class='ocrx_word' id='word_1_244' title='bbox 1399 2898 1535 2961; x_wconf 89' lang='lat' dir='ltr'><strong>eius</strong></span> <span class='ocrx_word' id='word_1_245' title='bbox 1573 2899 1852 2983; x_wconf 87' lang='lat' dir='ltr'><strong>emigrat</strong></span> <span class='ocrx_word' id='word_1_246' title='bbox 1891 2902 2084 2981; x_wconf 92' lang='lat' dir='ltr'><strong>atque</strong></span> <span class='ocrx_word' id='word_1_247' title='bbox 2127 2898 2284 2963; x_wconf 88' lang='lat' dir='ltr'><strong>adeo</strong></span> 
     </span>
     <span class='ocr_line' id='line_1_32' title="bbox 275 2983 2286 3071; baseline 0 -23"><span class='ocrx_word' id='word_1_248' title='bbox 275 2983 437 3065; x_wconf 82' lang='lat' dir='ltr'><strong>exit3</strong></span> <span class='ocrx_word' id='word_1_249' title='bbox 499 3004 653 3046; x_wconf 92' lang='lat' dir='ltr'><strong>nam</strong></span> <span class='ocrx_word' id='word_1_250' title='bbox 708 2983 841 3047; x_wconf 88' lang='lat' dir='ltr'><strong>iam</strong></span> <span class='ocrx_word' id='word_1_251' title='bbox 896 2989 1046 3050; x_wconf 90' lang='lat' dir='ltr'><strong>ante</strong></span> <span class='ocrx_word' id='word_1_252' title='bbox 1101 2987 1474 3071; x_wconf 90' lang='lat' dir='ltr'><strong>emigrarat.</strong></span> <span class='ocrx_word' id='word_1_253' title='bbox 1562 2984 1733 3049; x_wconf 88' lang='lat' dir='ltr'><strong>Eum</strong></span> <span class='ocrx_word' id='word_1_254' title='bbox 1789 2989 2006 3049; x_wconf 89' lang='lat' dir='ltr'><strong>autem</strong></span> <span class='ocrx_word' id='word_1_255' title='bbox 2061 2986 2286 3049; x_wconf 88' lang='lat' dir='ltr'><strong>statim</strong></span> 
     </span>
     <span class='ocr_line' id='line_1_33' title="bbox 273 3068 2286 3155; baseline 0.002 -21"><span class='ocrx_word' id='word_1_256' title='bbox 273 3070 708 3135; x_wconf 89' lang='lat' dir='ltr'><strong>inimicissimi</strong></span> <span class='ocrx_word' id='word_1_257' title='bbox 746 3068 972 3136; x_wconf 90' lang='lat' dir='ltr'><strong>Stheni</strong></span> <span class='ocrx_word' id='word_1_258' title='bbox 1011 3073 1273 3138; x_wconf 91' lang='lat' dir='ltr'><strong>domum</strong></span> <span class='ocrx_word' id='word_1_259' title='bbox 1312 3095 1496 3137; x_wconf 90' lang='lat' dir='ltr'><strong>suam</strong></span> <span class='ocrx_word' id='word_1_260' title='bbox 1533 3073 1835 3155; x_wconf 85' lang='lat' dir='ltr'><strong>invitant,</strong></span> <span class='ocrx_word' id='word_1_261' title='bbox 1879 3076 1953 3136; x_wconf 94' lang='lat' dir='ltr'><strong>ut</strong></span> <span class='ocrx_word' id='word_1_262' title='bbox 2001 3072 2286 3138; x_wconf 87' lang='lat' dir='ltr'><strong>animum</strong></span> 
     </span>
     <span class='ocr_line' id='line_1_34' title="bbox 274 3122 2286 3244; baseline 0.001 -22"><span class='ocrx_word' id='word_1_263' title='bbox 274 3159 411 3224; x_wconf 92' lang='lat' dir='ltr'><strong>eius</strong></span> <span class='ocrx_word' id='word_1_264' title='bbox 458 3159 527 3221; x_wconf 95' lang='lat' dir='ltr'><strong>in</strong></span> <span class='ocrx_word' id='word_1_265' title='bbox 564 3155 907 3223; x_wconf 87' lang='lat' dir='ltr'><strong>Sthenium</strong></span> <span class='ocrx_word' id='word_1_266' title='bbox 952 3160 1432 3225; x_wconf 88' lang='lat' dir='ltr'><strong>inflammarent</strong></span> <span class='ocrx_word' id='word_1_267' title='bbox 1480 3122 1883 3224; x_wconf 87' lang='lat' dir='ltr'><strong>ementiendo</strong></span> <span class='ocrx_word' id='word_1_268' title='bbox 1931 3159 2176 3244; x_wconf 88' lang='lat' dir='ltr'><strong>aliquid</strong></span> <span class='ocrx_word' id='word_1_269' title='bbox 2222 3164 2286 3224; x_wconf 91' lang='lat' dir='ltr'><strong>et</strong></span> 
     </span>
     <span class='ocr_line' id='line_1_35' title="bbox 271 3245 2285 3332; baseline 0.001 -21"><span class='ocrx_word' id='word_1_270' title='bbox 271 3247 693 3312; x_wconf 87' lang='lat' dir='ltr'><strong>criminando.</strong></span> <span class='ocrx_word' id='word_1_271' title='bbox 765 3245 856 3311; x_wconf 92' lang='lat' dir='ltr'><strong>Hi</strong></span> <span class='ocrx_word' id='word_1_272' title='bbox 892 3251 1111 3312; x_wconf 91' lang='lat' dir='ltr'><strong>autem</strong></span> <span class='ocrx_word' id='word_1_273' title='bbox 1149 3253 1337 3313; x_wconf 90' lang='lat' dir='ltr'><strong>erant</strong></span> <span class='ocrx_word' id='word_1_274' title='bbox 1382 3247 1624 3312; x_wconf 88' lang='lat' dir='ltr'><strong>inimici</strong></span> <span class='ocrx_word' id='word_1_275' title='bbox 1654 3247 2044 3332; x_wconf 81' lang='lat' dir='ltr'><strong>AgathinuS,</strong></span> <span class='ocrx_word' id='word_1_276' title='bbox 2088 3247 2285 3313; x_wconf 91' lang='lat' dir='ltr'><strong>homo</strong></span> 
     </span>
     <span class='ocr_line' id='line_1_36' title="bbox 185 3334 2285 3419; baseline 0.004 -26"><span class='ocrx_word' id='word_1_277' title='bbox 185 3351 242 3394; x_wconf 73' lang='lat'><strong>85</strong></span> <span class='ocrx_word' id='word_1_278' title='bbox 269 3335 540 3419; x_wconf 84' lang='lat' dir='ltr'><strong>nobilis,</strong></span> <span class='ocrx_word' id='word_1_279' title='bbox 614 3339 680 3399; x_wconf 88' lang='lat' dir='ltr'><strong>et</strong></span> <span class='ocrx_word' id='word_1_280' title='bbox 743 3334 1143 3417; x_wconf 89' lang='lat' dir='ltr'><strong>Dorotheus,</strong></span> <span class='ocrx_word' id='word_1_281' title='bbox 1217 3336 1328 3418; x_wconf 93' lang='lat' dir='ltr'><strong>qui</strong></span> <span class='ocrx_word' id='word_1_282' title='bbox 1389 3335 1677 3399; x_wconf 89' lang='lat' dir='ltr'><strong>habebat</strong></span> <span class='ocrx_word' id='word_1_283' title='bbox 1738 3335 1807 3398; x_wconf 93' lang='lat' dir='ltr'><strong>in</strong></span> <span class='ocrx_word' id='word_1_284' title='bbox 1872 3335 2285 3401; x_wconf 90' lang='lat' dir='ltr'><strong>matrimonio</strong></span> 
     </span>
     <span class='ocr_line' id='line_1_37' title="bbox 270 3420 2287 3508; baseline 0.002 -23"><span class='ocrx_word' id='word_1_285' title='bbox 270 3420 723 3508; x_wconf 83' lang='lat' dir='ltr'><strong>Callidamam,</strong></span> <span class='ocrx_word' id='word_1_286' title='bbox 761 3422 1082 3508; x_wconf 88' lang='lat' dir='ltr'><strong>Agathini</strong></span> <span class='ocrx_word' id='word_1_287' title='bbox 1111 3422 1246 3487; x_wconf 87' lang='lat' dir='ltr'><strong>eius</strong></span> <span class='ocrx_word' id='word_1_288' title='bbox 1274 3423 1508 3505; x_wconf 82' lang='lat' dir='ltr'><strong>filiam3</strong></span> <span class='ocrx_word' id='word_1_289' title='bbox 1545 3423 1623 3486; x_wconf 92' lang='lat' dir='ltr'><strong>de</strong></span> <span class='ocrx_word' id='word_1_290' title='bbox 1652 3445 1779 3507; x_wconf 91' lang='lat' dir='ltr'><strong>qua</strong></span> <span class='ocrx_word' id='word_1_291' title='bbox 1815 3423 1939 3488; x_wconf 89' lang='lat' dir='ltr'><strong>iste</strong></span> <span class='ocrx_word' id='word_1_292' title='bbox 1978 3425 2287 3508; x_wconf 90' lang='lat' dir='ltr'><strong>audierat,</strong></span> 
     </span>
     <span class='ocr_line' id='line_1_38' title="bbox 269 3509 2289 3597; baseline 0.003 -27"><span class='ocrx_word' id='word_1_293' title='bbox 269 3509 492 3593; x_wconf 88' lang='lat' dir='ltr'><strong>itaque</strong></span> <span class='ocrx_word' id='word_1_294' title='bbox 561 3512 642 3576; x_wconf 89' lang='lat' dir='ltr'><strong>ad</strong></span> <span class='ocrx_word' id='word_1_295' title='bbox 708 3533 1018 3597; x_wconf 89' lang='lat' dir='ltr'><strong>generum</strong></span> <span class='ocrx_word' id='word_1_296' title='bbox 1073 3510 1395 3596; x_wconf 87' lang='lat' dir='ltr'><strong>Agathini</strong></span> <span class='ocrx_word' id='word_1_297' title='bbox 1453 3510 1736 3596; x_wconf 89' lang='lat' dir='ltr'><strong>migrare</strong></span> <span class='ocrx_word' id='word_1_298' title='bbox 1791 3513 2042 3578; x_wconf 89' lang='lat' dir='ltr'><strong>maluit.</strong></span> <span class='ocrx_word' id='word_1_299' title='bbox 2138 3511 2289 3577; x_wconf 88' lang='lat' dir='ltr'><strong>Una</strong></span> 
     </span>
    </p>
   </div>
   <div class='ocr_carea' id='block_1_5' title="bbox 2351 1644 2393 1707">
    <p class='ocr_par' dir='ltr' id='par_1_5' title="bbox 2351 1644 2393 1707">
     <span class='ocr_line' id='line_1_39' title="bbox 2351 1644 2393 1707; baseline 0 0"><span class='ocrx_word' id='word_1_300' title='bbox 2351 1644 2393 1707; x_wconf 91' lang='grc'><strong>6</strong></span> 
     </span>
    </p>
   </div>
   <div class='ocr_carea' id='block_1_6' title="bbox 2323 2822 2392 2871">
    <p class='ocr_par' dir='ltr' id='par_1_6' title="bbox 2323 2822 2392 2871">
     <span class='ocr_line' id='line_1_40' title="bbox 2323 2822 2392 2871; baseline 0.014 -1"><span class='ocrx_word' id='word_1_301' title='bbox 2323 2822 2392 2871; x_wconf 84' lang='grc'><strong>89</strong></span> 
     </span>
    </p>
   </div>
  </div>
 </body>
</html>
