2566 4016
796 207 988 264 LIB.1
1062 208 1214 265 CAP.
1257 215 1339 277 14,
1381 215 1446 263 15
1485 216 1516 276 ς
1552 216 1777 266 36-41.
2175 209 2302 276 155

278 357 576 421 tissimus
634 373 777 418 esse
830 352 1079 435 debuit,
1134 353 1216 417 ab
1265 374 1334 418 se
1379 353 1709 419 hominem
1756 358 1952 438 atque
1999 355 2081 419 ab
2129 375 2302 418 exer·

278 446 412 511 citu
451 464 569 509 suo
608 441 914 523 removit3
949 439 1308 506 Beneventi
1344 462 1484 507 esse
1520 442 1714 507 iussit
1751 442 1921 527 apud
1963 462 2092 525 θοε,
2138 464 2299 526 quos

278 533 415 598 suis
470 530 772 617 partibus
828 529 1255 594 amicissimos
1314 549 1455 595 esse
1506 530 1963 616 intellegebat,
2016 530 2131 594 ubi
2174 530 2301 594 iste

279 641 573 686 summae
609 618 707 682 rei
744 638 1101 700 causaeque
1137 638 1369 681 nocere
1408 617 1576 682 nihil
1619 622 1859 703 posset.
1943 615 2025 682 Ei
2070 620 2301 701 postea

224 729 253 770 5
280 707 575 794 praemia
608 711 833 771 tamen
869 705 1231 770 liberaliter
1275 705 1526 790 tribuit,
1572 706 1746 771 bona
1793 706 2109 790 quaedam
2155 726 2300 789 pro-

231 805 238 810 '
281 796 672 880 scriptorum
725 794 796 858 in
849 813 1009 880 agro
1055 792 1512 859 Beneventano
1561 794 1921 879 diripienda
1966 793 2301 875 concessit,

278 883 513 949 habuit
574 883 888 947 honorem
951 885 1028 946 ut
1087 881 1437 966 proditori,
1500 904 1633 948 non
1694 887 1769 947 ut
1827 883 2033 947 amico
2089 882 2300 945 fidem.

277 972 342 1039 N
342 993 468 1037 unc
510 970 807 1055 quamvis
854 970 986 1034 sint
1031 970 1328 1034 homines
1374 965 1486 1055 qui
1530 974 1861 1036 mortuum
1908 969 2023 1035 On.
2060 968 2300 1035 Carbo·
2336 983 2404 1033 39

276 1082 426 1126 nem
465 1057 751 1142 oderint,
799 1059 1023 1122 tamen
1065 1057 1138 1121 hi
1182 1058 1447 1141 debent,
1491 1080 1625 1124 non
1669 1059 1823 1143 quid
1867 1059 1971 1123 illi
2016 1058 2300 1123 accidere

195 1170 253 1211 ιο
278 1148 634 1232 voluerint,
697 1146 811 1211 sed
871 1145 1027 1229 quid
1080 1146 1243 1230 ipsis
1297 1146 1368 1210 in
1420 1147 1544 1210 tali
1598 1166 1669 1211 re
1722 1146 2138 1211 metuendum
2195 1145 2300 1228 sit,

280 1237 588 1321 cogitare.
662 1232 1019 1299 Commune
1058 1237 1159 1297 est
1193 1233 1320 1298 hoc
1354 1235 1619 1319 malum,
1663 1233 2023 1300 communis
2069 1235 2300 1315 metus,

282 1344 619 1389 commune
662 1322 1040 1407 periculum.
1108 1321 1349 1387 Nullae
1395 1326 1550 1387 sunt
1594 1322 1981 1388 occultiores
2025 1320 2299 1385 insidiae

282 1434 478 1497 quam
533 1431 674 1496 eae,
728 1432 893 1493 quae
948 1411 1158 1474 latent
1210 1409 1282 1474 in
1336 1410 1752 1476 simulatione
1807 1409 2007 1475 officii
2062 1412 2175 1475 aut
2229 1408 2301 1473 in

281 1501 501 1585 aliquo
554 1498 1048 1589 necessitudinis
1096 1498 1376 1566 nomine.
1470 1497 1644 1564 Nam
1691 1520 1864 1582 eum,
1921 1499 2032 1583 qui
2078 1498 2300 1583 palam

199 1609 253 1651 ιο
281 1593 382 1654 est
419 1587 844 1669 adversarius,
886 1585 1080 1652 facile
1116 1588 1401 1653 cavendo
1438 1588 1649 1653 vitare
1690 1588 1930 1673 possis3
1975 1588 2102 1653 hoc
2144 1606 2299 1651 vero

280 1678 606 1744 occultum
640 1675 1023 1740 intestinum
1063 1696 1138 1740 ac
1175 1676 1600 1742 domesticum
1639 1677 1885 1741 malum
1931 1696 2063 1741 non
2106 1674 2299 1740 modo

281 1765 568 1847 exsistit,
621 1785 847 1829 verum
893 1763 1093 1828 etiam
1140 1765 1478 1849 opprimit,
1535 1765 1883 1849 antequam
1929 1763 2300 1848 prospicere

285 1856 482 1934 atque
527 1852 862 1935 explorare
905 1851 1215 1934 potueris.
1306 1851 1493 1916 Itane
1538 1853 1737 1917 vero?
1796 1856 1871 1915 tu
1917 1873 2064 1916 cum
2109 1869 2298 1933 quae·
2335 1862 2406 1912 40

285 1943 426 2004 stor
478 1938 560 2004 ad
614 1940 962 2005 exercitum
1016 1940 1254 2004 missus
1311 1940 1429 2023 sis,
1483 1942 1702 2004 custos
1756 1960 1890 2004 non
1935 1939 2149 2002 solum
2193 1958 2300 2022 pe-

200 2048 258 2090 πο
284 2028 535 2113 cuniae,
590 2029 704 2093 sed
756 2029 957 2093 etiam
1007 2029 1320 2113 consulis,
1373 2028 1701 2112 particeps
1749 2026 2040 2092 omnium
2083 2047 2300 2090 rerum

281 2117 826 2200 consiliorumque
888 2116 1114 2200 fueriS,
1176 2115 1444 2182 habitus
1509 2116 1601 2180 sis
1661 2115 1732 2180 in
1795 2114 2079 2179 liberum
2137 2114 2301 2195 loce,

280 2207 449 2272 sicut
486 2227 629 2270 mos
667 2205 988 2270 maiorum
1021 2204 1294 2289 ferebat,
1329 2207 1593 2290 repente
1630 2203 1981 2287 relinquas,
2024 2202 2301 2282 deseras,

281 2295 362 2360 ad
418 2293 823 2360 adversarios
876 2293 1217 2358 transeas?
1300 2292 1355 2359 Ο
1411 2293 1648 2376 scelus,
1708 2314 1747 2357 o
1800 2295 2176 2376 portentum
2230 2289 2301 2353 in

279 2383 547 2449 ultimas
615 2385 826 2446 terras
894 2381 1391 2465 exportandum!
1490 2380 1643 2446 Non
1706 2380 1878 2446 enim
1940 2383 2161 2465 potest
2225 2400 2302 2443 ea

198 2487 255 2531 2⁶
280 2473 541 2555 natura,
614 2490 780 2554 quae
852 2471 1108 2534 tantum
1172 2469 1422 2535 facinus
1487 2469 1911 2552 commiserit,
1983 2469 2108 2534 hoc
2169 2488 2300 2533 uno

281 2561 521 2624 scelere
559 2579 701 2623 esse
737 2559 1068 2641 contenta3
1114 2578 1375 2622 necesse
1423 2561 1525 2622 est
1569 2578 1823 2642 semper
1869 2557 2117 2641 aliquid
2162 2556 2300 2619 eius

282 2647 459 2711 modi
503 2647 832 2730 moliatur,
874 2666 1135 2711 necesse
1187 2648 1288 2710 est
1331 2645 1402 2709 in
1447 2644 1647 2710 simili
1694 2644 1963 2711 audacia
2007 2643 2301 2729 perfidia·

286 2755 410 2816 que
455 2738 763 2799 versetur.

414 2819 644 2904 Itaque
696 2822 869 2887 idem
920 2822 1076 2905 iste,
1131 2840 1323 2904 quem
1369 2818 1486 2886 On.
1522 2820 1875 2886 Dolabella
1928 2821 2160 2904 postea
2228 2815 2299 2882 O.
2336 2828 2404 2878 41

196 2927 254 2969 so
280 2908 593 2975 Malleolo
650 2911 860 2977 occiso
916 2931 1037 2994 pro
1094 2913 1437 2992 quaestore
1490 2909 1725 2973 habuit
1778 2905 1984 2992 (haud
2037 2906 2169 2970 scio
2218 2926 2302 2969 an

231 3032 236 3035 <
280 2999 491 3064 maior
543 2998 744 3064 etiam
798 2998 959 3063 haec
1012 2997 1419 3062 necessitudo
1473 2995 1672 3060 fuerit
1728 3017 1923 3079 quam
1977 2995 2097 3058 illa
2148 2989 2302 3056 Oar-

278 3087 469 3152 bonis
519 3107 595 3151 ac
638 3087 790 3171 plus
835 3086 1144 3151 iudicium
1188 3085 1550 3149 voluntatis
1595 3084 1814 3149 valere
1861 3103 2057 3165 quam
2104 3080 2301 3145 sortis

280 3172 563 3260 debeat),
605 3173 780 3238 idem
814 3174 884 3237 in
921 3173 1033 3240 On.
1062 3172 1483 3238 Dolabellam
1530 3172 1643 3256 qui
1685 3172 1757 3235 in
1792 3169 1907 3235 On.
1936 3167 2304 3234 Carbonem

276 3262 433 3346 fuit3
485 3284 669 3344 nam,
725 3282 889 3345 quae
940 3263 1011 3327 in
1055 3262 1273 3346 ipsum
1316 3261 1626 3326 valebant
1671 3258 1969 3340 crimina,
2024 3256 2302 3323 contulit

196 3367 250 3408 ³⁵
276 3350 347 3415 in
401 3352 595 3415 illum
648 3371 1038 3434 causamque
1092 3343 1271 3414 illius
1329 3369 1588 3413 omnem
1643 3347 1725 3413 ad
1778 3346 2074 3411 inimicos
2123 3367 2302 3412 accu-

280 3441 661 3523 satoresque
708 3438 968 3526 detulit-,3
1022 3438 1163 3522 ipse
1208 3439 1278 3501 in
1325 3457 1497 3520 eum,
1553 3435 1658 3502 cui
1701 3436 1961 3522 legatus
1970 3484 1988 3519 ,
2034 3434 2138 3500 cui
2181 3455 2301 3519 pro

282 3530 624 3608 quaestore
661 3526 894 3610 fuerat,
938 3525 1457 3591 inimicissimum
1501 3528 1697 3612 atque
1743 3523 2302 3609 improbissimum
