<?xml version="1.0" encoding="UTF-8"?>
<!DOCTYPE html PUBLIC "-//W3C//DTD XHTML 1.0 Transitional//EN"
    "http://www.w3.org/TR/xhtml1/DTD/xhtml1-transitional.dtd">
<html xmlns="http://www.w3.org/1999/xhtml" xml:lang="en" lang="en">
 <head>
  <title>
</title>
<meta http-equiv="Content-Type" content="text/html;charset=utf-8" />
  <meta name='ocr-system' content='tesseract 3.04.00' />
  <meta name='ocr-capabilities' content='ocr_page ocr_carea ocr_par ocr_line ocrx_word'/>
</head>
<body>
  <div class='ocr_page' id='page_1' title='image "./scriptaquaemans00klotgoog_0287.png"; bbox 0 0 2566 4016; ppageno 0'>
   <div class='ocr_carea' id='block_1_1' title="bbox 790 219 2300 289">
    <p class='ocr_par' dir='ltr' id='par_1_1' title="bbox 790 219 2300 289">
     <span class='ocr_line' id='line_1_1' title="bbox 790 219 2300 289; baseline 0.011 -16"><span class='ocrx_word' id='word_1_1' title='bbox 790 219 927 275; x_wconf 85' lang='lat' dir='ltr'><strong>LIB.</strong></span> <span class='ocrx_word' id='word_1_2' title='bbox 965 223 991 275; x_wconf 92' lang='lat'>1</span> <span class='ocrx_word' id='word_1_3' title='bbox 1056 220 1207 277; x_wconf 81' lang='lat' dir='ltr'>CAP.</span> <span class='ocrx_word' id='word_1_4' title='bbox 1247 228 1455 277; x_wconf 80' lang='lat'><strong>29—31</strong></span> <span class='ocrx_word' id='word_1_5' title='bbox 1495 228 1527 289; x_wconf 65' lang='lat' dir='ltr'>s</span> <span class='ocrx_word' id='word_1_6' title='bbox 1564 229 1789 278; x_wconf 63' lang='grc' dir='ltr'>’τι-79.</span> <span class='ocrx_word' id='word_1_7' title='bbox 2174 224 2300 289; x_wconf 88' lang='grc'>169</span> 
     </span>
    </p>
   </div>
   <div class='ocr_carea' id='block_1_2' title="bbox 196 364 2302 1665">
    <p class='ocr_par' dir='ltr' id='par_1_2' title="bbox 196 364 2302 1665">
     <span class='ocr_line' id='line_1_2' title="bbox 276 364 2302 451; baseline 0.001 -21"><span class='ocrx_word' id='word_1_8' title='bbox 276 366 578 447; x_wconf 87' lang='lat' dir='ltr'>liberum,</span> <span class='ocrx_word' id='word_1_9' title='bbox 626 384 789 448; x_wconf 89' lang='lat' dir='ltr'>quos</span> <span class='ocrx_word' id='word_1_10' title='bbox 827 368 902 430; x_wconf 90' lang='lat' dir='ltr'>tu</span> <span class='ocrx_word' id='word_1_11' title='bbox 947 364 1220 431; x_wconf 90' lang='lat' dir='ltr'>miseros</span> <span class='ocrx_word' id='word_1_12' title='bbox 1264 366 1336 430; x_wconf 91' lang='lat' dir='ltr'>in</span> <span class='ocrx_word' id='word_1_13' title='bbox 1382 370 1674 451; x_wconf 84' lang='lat' dir='ltr'>egestate</span> <span class='ocrx_word' id='word_1_14' title='bbox 1722 369 1916 450; x_wconf 86' lang='lat' dir='ltr'>atque</span> <span class='ocrx_word' id='word_1_15' title='bbox 1961 368 2030 432; x_wconf 89' lang='lat' dir='ltr'>in</span> <span class='ocrx_word' id='word_1_16' title='bbox 2077 369 2302 434; x_wconf 91' lang='lat' dir='ltr'>solitu-</span> 
     </span>
     <span class='ocr_line' id='line_1_3' title="bbox 278 452 2302 538; baseline 0.002 -20"><span class='ocrx_word' id='word_1_17' title='bbox 278 454 425 518; x_wconf 84' lang='lat' dir='ltr'><strong>dine</strong></span> <span class='ocrx_word' id='word_1_18' title='bbox 479 452 836 536; x_wconf 73' lang='lat' dir='ltr'>reliquisti,</span> <span class='ocrx_word' id='word_1_19' title='bbox 898 454 1192 518; x_wconf 88' lang='lat' dir='ltr'>misereri</span> <span class='ocrx_word' id='word_1_20' title='bbox 1245 457 1484 538; x_wconf 91' lang='lat' dir='ltr'>potest.</span> <span class='ocrx_word' id='word_1_21' title='bbox 1578 453 1898 519; x_wconf 81' lang='lat' dir='ltr'>Verresne</span> <span class='ocrx_word' id='word_1_22' title='bbox 1950 455 2077 520; x_wconf 90' lang='lat' dir='ltr'>tibi</span> <span class='ocrx_word' id='word_1_23' title='bbox 2130 457 2302 522; x_wconf 86' lang='lat' dir='ltr'>tanti</span> 
     </span>
     <span class='ocr_line' id='line_1_4' title="bbox 275 541 2300 630; baseline 0.002 -24"><span class='ocrx_word' id='word_1_24' title='bbox 275 542 421 625; x_wconf 89' lang='lat' dir='ltr'>fuit,</span> <span class='ocrx_word' id='word_1_25' title='bbox 465 544 542 605; x_wconf 85' lang='lat' dir='ltr'>ut</span> <span class='ocrx_word' id='word_1_26' title='bbox 579 541 714 606; x_wconf 89' lang='lat' dir='ltr'>eius</span> <span class='ocrx_word' id='word_1_27' title='bbox 754 541 1090 606; x_wconf 86' lang='lat' dir='ltr'>libidinem</span> <span class='ocrx_word' id='word_1_28' title='bbox 1127 541 1465 607; x_wconf 88' lang='lat' dir='ltr'>hominum</span> <span class='ocrx_word' id='word_1_29' title='bbox 1501 542 1943 608; x_wconf 89' lang='lat' dir='ltr'>innocentium</span> <span class='ocrx_word' id='word_1_30' title='bbox 1985 544 2300 630; x_wconf 85' lang='lat' dir='ltr'>sanguine</span> 
     </span>
     <span class='ocr_line' id='line_1_5' title="bbox 276 628 2301 715; baseline 0.001 -21"><span class='ocrx_word' id='word_1_31' title='bbox 276 631 372 694; x_wconf 92' lang='lat' dir='ltr'>lui</span> <span class='ocrx_word' id='word_1_32' title='bbox 427 629 678 694; x_wconf 74' lang='lat' dir='ltr'>velles?</span> <span class='ocrx_word' id='word_1_33' title='bbox 767 628 1099 696; x_wconf 91' lang='lat' dir='ltr'>Idcircone</span> <span class='ocrx_word' id='word_1_34' title='bbox 1155 631 1508 697; x_wconf 85' lang='lat' dir='ltr'>exercitum</span> <span class='ocrx_word' id='word_1_35' title='bbox 1562 635 1758 715; x_wconf 84' lang='lat' dir='ltr'>atque</span> <span class='ocrx_word' id='word_1_36' title='bbox 1802 631 2061 696; x_wconf 78' lang='lat' dir='ltr'>hostem</span> <span class='ocrx_word' id='word_1_37' title='bbox 2105 632 2301 696; x_wconf 88' lang='lat' dir='ltr'>relin-</span> 
     </span>
     <span class='ocr_line' id='line_1_6' title="bbox 222 718 2298 804; baseline 0.003 -26"><span class='ocrx_word' id='word_1_38' title='bbox 222 739 250 778; x_wconf 78' lang='lat'><strong>5</strong></span> <span class='ocrx_word' id='word_1_39' title='bbox 278 718 546 802; x_wconf 86' lang='lat' dir='ltr'>quebas,</span> <span class='ocrx_word' id='word_1_40' title='bbox 590 721 666 781; x_wconf 90' lang='lat' dir='ltr'>ut</span> <span class='ocrx_word' id='word_1_41' title='bbox 701 721 818 782; x_wconf 86' lang='lat' dir='ltr'>tua</span> <span class='ocrx_word' id='word_1_42' title='bbox 854 718 921 783; x_wconf 89' lang='lat' dir='ltr'>vi</span> <span class='ocrx_word' id='word_1_43' title='bbox 958 721 1026 783; x_wconf 88' lang='lat' dir='ltr'>et</span> <span class='ocrx_word' id='word_1_44' title='bbox 1065 719 1451 785; x_wconf 81' lang='lat' dir='ltr'>crudelitate</span> <span class='ocrx_word' id='word_1_45' title='bbox 1494 719 1686 784; x_wconf 89' lang='lat' dir='ltr'>istius</span> <span class='ocrx_word' id='word_1_46' title='bbox 1731 719 2015 785; x_wconf 87' lang='lat' dir='ltr'>hominis</span> <span class='ocrx_word' id='word_1_47' title='bbox 2059 720 2298 804; x_wconf 89' lang='lat' dir='ltr'>impro-</span> 
     </span>
     <span class='ocr_line' id='line_1_7' title="bbox 277 805 2300 890; baseline 0.001 -20"><span class='ocrx_word' id='word_1_48' title='bbox 277 805 536 870; x_wconf 86' lang='lat' dir='ltr'>bissimi</span> <span class='ocrx_word' id='word_1_49' title='bbox 602 806 892 890; x_wconf 86' lang='lat' dir='ltr'>pericula</span> <span class='ocrx_word' id='word_1_50' title='bbox 960 807 1379 873; x_wconf 74' lang='lat' dir='ltr'>sublevares?</span> <span class='ocrx_word' id='word_1_51' title='bbox 1480 805 1664 882; x_wconf 84' lang='lat' dir='ltr'>Quod</span> <span class='ocrx_word' id='word_1_52' title='bbox 1728 808 1901 873; x_wconf 88' lang='lat' dir='ltr'>enim</span> <span class='ocrx_word' id='word_1_53' title='bbox 1965 830 2112 874; x_wconf 86' lang='lat' dir='ltr'>eum</span> <span class='ocrx_word' id='word_1_54' title='bbox 2175 808 2300 873; x_wconf 91' lang='lat' dir='ltr'>tibi</span> 
     </span>
     <span class='ocr_line' id='line_1_8' title="bbox 278 894 2299 980; baseline 0.001 -21"><span class='ocrx_word' id='word_1_55' title='bbox 278 894 645 978; x_wconf 86' lang='lat' dir='ltr'>quaestoris</span> <span class='ocrx_word' id='word_1_56' title='bbox 705 894 774 958; x_wconf 91' lang='lat' dir='ltr'>in</span> <span class='ocrx_word' id='word_1_57' title='bbox 829 895 973 959; x_wconf 91' lang='lat' dir='ltr'>loco</span> <span class='ocrx_word' id='word_1_58' title='bbox 1030 896 1490 980; x_wconf 88' lang='lat' dir='ltr'>constitueras,</span> <span class='ocrx_word' id='word_1_59' title='bbox 1548 895 1785 963; x_wconf 87' lang='lat' dir='ltr'>idcirco</span> <span class='ocrx_word' id='word_1_60' title='bbox 1840 896 1966 962; x_wconf 90' lang='lat' dir='ltr'>tibi</span> <span class='ocrx_word' id='word_1_61' title='bbox 2020 897 2299 962; x_wconf 89' lang='lat' dir='ltr'>amicum</span> 
     </span>
     <span class='ocr_line' id='line_1_9' title="bbox 275 982 2299 1068; baseline 0.001 -21"><span class='ocrx_word' id='word_1_62' title='bbox 275 983 346 1047; x_wconf 90' lang='lat' dir='ltr'>in</span> <span class='ocrx_word' id='word_1_63' title='bbox 399 986 785 1066; x_wconf 90' lang='lat' dir='ltr'>perpetuum</span> <span class='ocrx_word' id='word_1_64' title='bbox 830 982 972 1047; x_wconf 84' lang='lat' dir='ltr'>fore</span> <span class='ocrx_word' id='word_1_65' title='bbox 1016 983 1313 1068; x_wconf 80' lang='lat' dir='ltr'>putasti?</span> <span class='ocrx_word' id='word_1_66' title='bbox 1357 984 1693 1049; x_wconf 79' lang='lat' dir='ltr'>nesciebas</span> <span class='ocrx_word' id='word_1_67' title='bbox 1740 985 1823 1049; x_wconf 89' lang='lat' dir='ltr'>ab</span> <span class='ocrx_word' id='word_1_68' title='bbox 1871 1006 1947 1050; x_wconf 90' lang='lat' dir='ltr'>eo</span> <span class='ocrx_word' id='word_1_69' title='bbox 1995 983 2110 1050; x_wconf 83' lang='lat' dir='ltr'>Gn.</span> <span class='ocrx_word' id='word_1_70' title='bbox 2146 983 2299 1051; x_wconf 84' lang='lat' dir='ltr'>Car-</span> 
     </span>
     <span class='ocr_line' id='line_1_10' title="bbox 277 1071 2297 1157; baseline 0 -21"><span class='ocrx_word' id='word_1_71' title='bbox 277 1071 514 1136; x_wconf 90' lang='lat' dir='ltr'>bonem</span> <span class='ocrx_word' id='word_1_72' title='bbox 567 1071 928 1154; x_wconf 89' lang='lat' dir='ltr'>consulem,</span> <span class='ocrx_word' id='word_1_73' title='bbox 983 1071 1163 1136; x_wconf 90' lang='lat' dir='ltr'>cuius</span> <span class='ocrx_word' id='word_1_74' title='bbox 1210 1094 1281 1137; x_wconf 89' lang='lat' dir='ltr'>re</span> <span class='ocrx_word' id='word_1_75' title='bbox 1326 1093 1481 1137; x_wconf 90' lang='lat' dir='ltr'>vera</span> <span class='ocrx_word' id='word_1_76' title='bbox 1528 1076 1835 1155; x_wconf 86' lang='lat' dir='ltr'>quaestor</span> <span class='ocrx_word' id='word_1_77' title='bbox 1879 1071 2121 1157; x_wconf 82' lang='lat' dir='ltr'>fuerat,</span> <span class='ocrx_word' id='word_1_78' title='bbox 2164 1095 2297 1139; x_wconf 89' lang='lat' dir='ltr'>non</span> 
     </span>
     <span class='ocr_line' id='line_1_11' title="bbox 196 1158 2298 1244; baseline 0 -20"><span class='ocrx_word' id='word_1_79' title='bbox 196 1177 251 1217; x_wconf 87' lang='lat'>10</span> <span class='ocrx_word' id='word_1_80' title='bbox 278 1158 473 1224; x_wconf 90' lang='lat' dir='ltr'>modo</span> <span class='ocrx_word' id='word_1_81' title='bbox 514 1158 832 1241; x_wconf 89' lang='lat' dir='ltr'>relictum,</span> <span class='ocrx_word' id='word_1_82' title='bbox 880 1158 992 1222; x_wconf 92' lang='lat' dir='ltr'>sed</span> <span class='ocrx_word' id='word_1_83' title='bbox 1038 1160 1237 1225; x_wconf 90' lang='lat' dir='ltr'>etiam</span> <span class='ocrx_word' id='word_1_84' title='bbox 1285 1160 1640 1244; x_wconf 90' lang='lat' dir='ltr'>spoliatum</span> <span class='ocrx_word' id='word_1_85' title='bbox 1687 1160 1965 1242; x_wconf 76' lang='lat' dir='ltr'>auxiliiS,</span> <span class='ocrx_word' id='word_1_86' title='bbox 2008 1161 2298 1244; x_wconf 84' lang='lat' dir='ltr'>pecunia,</span> 
     </span>
     <span class='ocr_line' id='line_1_12' title="bbox 275 1209 2298 1333; baseline 0.002 -23"><span class='ocrx_word' id='word_1_87' title='bbox 275 1246 524 1311; x_wconf 81' lang='lat' dir='ltr'>nefarie</span> <span class='ocrx_word' id='word_1_88' title='bbox 587 1209 1036 1332; x_wconf 64' lang='lat' dir='ltr'>oppugnatum</span> <span class='ocrx_word' id='word_1_89' title='bbox 1103 1251 1169 1312; x_wconf 88' lang='lat' dir='ltr'>et</span> <span class='ocrx_word' id='word_1_90' title='bbox 1228 1248 1605 1332; x_wconf 74' lang='lat' dir='ltr'>proditum?</span> <span class='ocrx_word' id='word_1_91' title='bbox 1702 1211 2030 1332; x_wconf 49' lang='lat' dir='ltr'>Expertus</span> <span class='ocrx_word' id='word_1_92' title='bbox 2093 1248 2298 1333; x_wconf 86' lang='lat' dir='ltr'>igitur</span> 
     </span>
     <span class='ocr_line' id='line_1_13' title="bbox 280 1334 2296 1420; baseline 0 -21"><span class='ocrx_word' id='word_1_93' title='bbox 280 1356 348 1400; x_wconf 91' lang='lat' dir='ltr'>es</span> <span class='ocrx_word' id='word_1_94' title='bbox 386 1334 575 1399; x_wconf 87' lang='lat' dir='ltr'>istius</span> <span class='ocrx_word' id='word_1_95' title='bbox 612 1335 950 1419; x_wconf 86' lang='lat' dir='ltr'>perfidiam</span> <span class='ocrx_word' id='word_1_96' title='bbox 988 1340 1148 1419; x_wconf 93' lang='lat' dir='ltr'>tum,</span> <span class='ocrx_word' id='word_1_97' title='bbox 1193 1357 1341 1402; x_wconf 90' lang='lat' dir='ltr'>cum</span> <span class='ocrx_word' id='word_1_98' title='bbox 1375 1336 1516 1420; x_wconf 90' lang='lat' dir='ltr'>ipse</span> <span class='ocrx_word' id='word_1_99' title='bbox 1560 1357 1628 1400; x_wconf 91' lang='lat' dir='ltr'>se</span> <span class='ocrx_word' id='word_1_100' title='bbox 1674 1336 1757 1401; x_wconf 88' lang='lat' dir='ltr'>ad</span> <span class='ocrx_word' id='word_1_101' title='bbox 1801 1335 2100 1401; x_wconf 89' lang='lat' dir='ltr'>inimicos</span> <span class='ocrx_word' id='word_1_102' title='bbox 2146 1340 2296 1400; x_wconf 88' lang='lat' dir='ltr'>tuos</span> 
     </span>
     <span class='ocr_line' id='line_1_14' title="bbox 277 1423 2296 1508; baseline -0 -20"><span class='ocrx_word' id='word_1_103' title='bbox 277 1424 575 1506; x_wconf 83' lang='lat' dir='ltr'>contulit,</span> <span class='ocrx_word' id='word_1_104' title='bbox 612 1445 757 1488; x_wconf 88' lang='lat' dir='ltr'>eum</span> <span class='ocrx_word' id='word_1_105' title='bbox 794 1424 862 1487; x_wconf 92' lang='lat' dir='ltr'>in</span> <span class='ocrx_word' id='word_1_106' title='bbox 900 1428 967 1489; x_wconf 89' lang='lat' dir='ltr'>te</span> <span class='ocrx_word' id='word_1_107' title='bbox 1002 1423 1200 1489; x_wconf 92' lang='lat' dir='ltr'>homo</span> <span class='ocrx_word' id='word_1_108' title='bbox 1236 1425 1378 1508; x_wconf 87' lang='lat' dir='ltr'>ipse</span> <span class='ocrx_word' id='word_1_109' title='bbox 1414 1445 1652 1490; x_wconf 89' lang='lat' dir='ltr'>nocens</span> <span class='ocrx_word' id='word_1_110' title='bbox 1691 1425 2077 1490; x_wconf 87' lang='lat' dir='ltr'>acerrimum</span> <span class='ocrx_word' id='word_1_111' title='bbox 2112 1424 2296 1488; x_wconf 90' lang='lat' dir='ltr'>testi-</span> 
     </span>
     <span class='ocr_line' id='line_1_15' title="bbox 277 1510 2296 1594; baseline 0 -18"><span class='ocrx_word' id='word_1_112' title='bbox 277 1512 568 1576; x_wconf 90' lang='lat' dir='ltr'>monium</span> <span class='ocrx_word' id='word_1_113' title='bbox 607 1510 787 1594; x_wconf 85' lang='lat' dir='ltr'>dixit,</span> <span class='ocrx_word' id='word_1_114' title='bbox 833 1534 978 1577; x_wconf 91' lang='lat' dir='ltr'>cum</span> <span class='ocrx_word' id='word_1_115' title='bbox 1016 1512 1305 1577; x_wconf 90' lang='lat' dir='ltr'>rationes</span> <span class='ocrx_word' id='word_1_116' title='bbox 1342 1512 1424 1577; x_wconf 89' lang='lat' dir='ltr'>ad</span> <span class='ocrx_word' id='word_1_117' title='bbox 1462 1513 1784 1579; x_wconf 88' lang='lat' dir='ltr'>aerarium</span> <span class='ocrx_word' id='word_1_118' title='bbox 1819 1513 1951 1578; x_wconf 89' lang='lat' dir='ltr'>nisi</span> <span class='ocrx_word' id='word_1_119' title='bbox 1986 1513 2296 1580; x_wconf 86' lang='lat' dir='ltr'>damnato</span> 
     </span>
     <span class='ocr_line' id='line_1_16' title="bbox 197 1600 904 1665; baseline 0.01 -7"><span class='ocrx_word' id='word_1_120' title='bbox 197 1619 250 1659; x_wconf 83' lang='lat'>15</span> <span class='ocrx_word' id='word_1_121' title='bbox 277 1604 344 1664; x_wconf 90' lang='lat' dir='ltr'>te</span> <span class='ocrx_word' id='word_1_122' title='bbox 391 1600 632 1665; x_wconf 84' lang='lat' dir='ltr'>referre</span> <span class='ocrx_word' id='word_1_123' title='bbox 674 1600 904 1665; x_wconf 88' lang='lat' dir='ltr'>noluit.</span> 
     </span>
    </p>
   </div>
   <div class='ocr_carea' id='block_1_3' title="bbox 409 1663 2402 1787">
    <p class='ocr_par' dir='ltr' id='par_1_3' title="bbox 409 1663 2402 1787">
     <span class='ocr_line' id='line_1_17' title="bbox 409 1663 2402 1787; baseline -0.001 -34"><span class='ocrx_word' id='word_1_124' title='bbox 409 1688 740 1753; x_wconf 78' lang='lat' dir='ltr'>Tantaene</span> <span class='ocrx_word' id='word_1_125' title='bbox 785 1692 956 1772; x_wconf 89' lang='lat' dir='ltr'>tuae,</span> <span class='ocrx_word' id='word_1_126' title='bbox 1001 1688 1259 1773; x_wconf 85' lang='lat' dir='ltr'>Verres,</span> <span class='ocrx_word' id='word_1_127' title='bbox 1315 1689 1617 1756; x_wconf 88' lang='lat' dir='ltr'>libidines</span> <span class='ocrx_word' id='word_1_128' title='bbox 1664 1694 1872 1773; x_wconf 88' lang='lat' dir='ltr'>erunt,</span> <span class='ocrx_word' id='word_1_129' title='bbox 1917 1694 1993 1755; x_wconf 89' lang='lat' dir='ltr'>ut</span> <span class='ocrx_word' id='word_1_130' title='bbox 2039 1711 2147 1755; x_wconf 89' lang='lat' dir='ltr'>eas</span> <span class='ocrx_word' id='word_1_131' title='bbox 2196 1711 2294 1755; x_wconf 92' lang='lat' dir='ltr'>ca·</span> <span class='ocrx_word' id='word_1_132' title='bbox 2317 1663 2402 1787; x_wconf 50' lang='grc' dir='ltr'>ἔξω</span> 
     </span>
    </p>
   </div>
   <div class='ocr_carea' id='block_1_4' title="bbox 189 1777 2298 3628">
    <p class='ocr_par' dir='ltr' id='par_1_4' title="bbox 189 1777 2298 3628">
     <span class='ocr_line' id='line_1_18' title="bbox 275 1777 2297 1863; baseline 0.001 -23"><span class='ocrx_word' id='word_1_133' title='bbox 275 1798 429 1860; x_wconf 88' lang='lat' dir='ltr'>pere</span> <span class='ocrx_word' id='word_1_134' title='bbox 475 1798 550 1841; x_wconf 87' lang='lat' dir='ltr'>ac</span> <span class='ocrx_word' id='word_1_135' title='bbox 595 1777 914 1841; x_wconf 89' lang='lat' dir='ltr'>sustinere</span> <span class='ocrx_word' id='word_1_136' title='bbox 957 1798 1091 1842; x_wconf 90' lang='lat' dir='ltr'>non</span> <span class='ocrx_word' id='word_1_137' title='bbox 1135 1777 1506 1861; x_wconf 88' lang='lat' dir='ltr'>provinciae</span> <span class='ocrx_word' id='word_1_138' title='bbox 1550 1778 1779 1863; x_wconf 92' lang='lat' dir='ltr'>populi</span> <span class='ocrx_word' id='word_1_139' title='bbox 1821 1777 2120 1860; x_wconf 89' lang='lat' dir='ltr'>Romani,</span> <span class='ocrx_word' id='word_1_140' title='bbox 2162 1798 2297 1842; x_wconf 89' lang='lat' dir='ltr'>non</span> 
     </span>
     <span class='ocr_line' id='line_1_19' title="bbox 275 1864 2298 1948; baseline 0 -21"><span class='ocrx_word' id='word_1_141' title='bbox 275 1865 573 1929; x_wconf 86' lang='lat' dir='ltr'>nationes</span> <span class='ocrx_word' id='word_1_142' title='bbox 639 1868 897 1936; x_wconf 83' lang='lat' dir='ltr'>exterae</span> <span class='ocrx_word' id='word_1_143' title='bbox 958 1866 1257 1948; x_wconf 74' lang='lat' dir='ltr'>possint?</span> <span class='ocrx_word' id='word_1_144' title='bbox 1334 1869 1491 1930; x_wconf 85' lang='lat' dir='ltr'>tune</span> <span class='ocrx_word' id='word_1_145' title='bbox 1554 1865 1727 1948; x_wconf 90' lang='lat' dir='ltr'>quod</span> <span class='ocrx_word' id='word_1_146' title='bbox 1789 1864 2055 1946; x_wconf 89' lang='lat' dir='ltr'>videris,</span> <span class='ocrx_word' id='word_1_147' title='bbox 2124 1864 2298 1946; x_wconf 88' lang='lat' dir='ltr'>quod</span> 
     </span>
     <span class='ocr_line' id='line_1_20' title="bbox 282 1951 2297 2053; baseline 0 -37"><span class='ocrx_word' id='word_1_148' title='bbox 282 1951 585 2037; x_wconf 90' lang='lat' dir='ltr'>audieris,</span> <span class='ocrx_word' id='word_1_149' title='bbox 633 1952 806 2038; x_wconf 90' lang='lat' dir='ltr'>quod</span> <span class='ocrx_word' id='word_1_150' title='bbox 852 1953 1251 2037; x_wconf 88' lang='lat' dir='ltr'>concupieris</span> <span class='ocrx_word' id='word_1_151' title='bbox 1328 1952 1499 2037; x_wconf 89' lang='lat' dir='ltr'>quod</span> <span class='ocrx_word' id='word_1_152' title='bbox 1545 1952 1883 2039; x_wconf 82' lang='lat' dir='ltr'>cogitaris,</span> <span class='ocrx_word' id='word_1_153' title='bbox 1927 1952 2057 2017; x_wconf 89' lang='lat' dir='ltr'>nisi</span> <span class='ocrx_word' id='word_1_154' title='bbox 2100 1952 2169 2017; x_wconf 91' lang='lat' dir='ltr'>id</span> <span class='ocrx_word' id='word_1_155' title='bbox 2188 1952 2297 2053; x_wconf 35' lang='lat' dir='ltr'>‘ad</span> 
     </span>
     <span class='ocr_line' id='line_1_21' title="bbox 276 2129 2296 2215; baseline -0.001 -21"><span class='ocrx_word' id='word_1_156' title='bbox 276 2131 528 2215; x_wconf 88' lang='lat' dir='ltr'>tatique</span> <span class='ocrx_word' id='word_1_157' title='bbox 565 2130 875 2215; x_wconf 88' lang='lat' dir='ltr'>paruerit,</span> <span class='ocrx_word' id='word_1_158' title='bbox 912 2129 1352 2195; x_wconf 88' lang='lat' dir='ltr'>immittentur</span> <span class='ocrx_word' id='word_1_159' title='bbox 1388 2129 1704 2213; x_wconf 91' lang='lat' dir='ltr'>homines,</span> <span class='ocrx_word' id='word_1_160' title='bbox 1751 2129 2296 2214; x_wconf 83' lang='lat' dir='ltr'>expugnabuntur</span> 
     </span>
     <span class='ocr_line' id='line_1_22' title="bbox 277 2217 2296 2302; baseline -0 -19"><span class='ocrx_word' id='word_1_161' title='bbox 277 2219 506 2283; x_wconf 90' lang='lat' dir='ltr'>domus</span> <span class='ocrx_word' id='word_1_162' title='bbox 515 2269 533 2302; x_wconf 99' lang='lat'>,</span> <span class='ocrx_word' id='word_1_163' title='bbox 580 2219 880 2285; x_wconf 86' lang='lat' dir='ltr'>civitates</span> <span class='ocrx_word' id='word_1_164' title='bbox 920 2240 1051 2283; x_wconf 90' lang='lat' dir='ltr'>non</span> <span class='ocrx_word' id='word_1_165' title='bbox 1097 2218 1291 2283; x_wconf 93' lang='lat' dir='ltr'>modo</span> <span class='ocrx_word' id='word_1_166' title='bbox 1337 2221 1635 2301; x_wconf 85' lang='lat' dir='ltr'>pacatae,</span> <span class='ocrx_word' id='word_1_167' title='bbox 1683 2239 1907 2283; x_wconf 88' lang='lat' dir='ltr'>verum</span> <span class='ocrx_word' id='word_1_168' title='bbox 1953 2217 2152 2283; x_wconf 87' lang='lat' dir='ltr'>etiam</span> <span class='ocrx_word' id='word_1_169' title='bbox 2199 2237 2296 2282; x_wconf 89' lang='lat' dir='ltr'>so·</span> 
     </span>
     <span class='ocr_line' id='line_1_23' title="bbox 276 2305 2297 2391; baseline -0 -19"><span class='ocrx_word' id='word_1_170' title='bbox 276 2308 524 2372; x_wconf 88' lang='lat' dir='ltr'>ciorum</span> <span class='ocrx_word' id='word_1_171' title='bbox 581 2310 776 2391; x_wconf 86' lang='lat' dir='ltr'>atque</span> <span class='ocrx_word' id='word_1_172' title='bbox 832 2307 1187 2372; x_wconf 89' lang='lat' dir='ltr'>amicorum</span> <span class='ocrx_word' id='word_1_173' title='bbox 1244 2306 1329 2371; x_wconf 90' lang='lat' dir='ltr'>ad</span> <span class='ocrx_word' id='word_1_174' title='bbox 1371 2306 1506 2371; x_wconf 91' lang='lat' dir='ltr'>vim</span> <span class='ocrx_word' id='word_1_175' title='bbox 1553 2309 1748 2390; x_wconf 87' lang='lat' dir='ltr'>atque</span> <span class='ocrx_word' id='word_1_176' title='bbox 1796 2305 1878 2371; x_wconf 90' lang='lat' dir='ltr'>ad</span> <span class='ocrx_word' id='word_1_177' title='bbox 1925 2328 2108 2371; x_wconf 87' lang='lat' dir='ltr'>arma</span> <span class='ocrx_word' id='word_1_178' title='bbox 2152 2326 2297 2371; x_wconf 89' lang='lat' dir='ltr'>con-</span> 
     </span>
     <span class='ocr_line' id='line_1_24' title="bbox 275 2394 2297 2481; baseline -0.001 -20"><span class='ocrx_word' id='word_1_179' title='bbox 275 2395 558 2481; x_wconf 81' lang='lat' dir='ltr'>fugient,</span> <span class='ocrx_word' id='word_1_180' title='bbox 612 2399 688 2459; x_wconf 88' lang='lat' dir='ltr'>ut</span> <span class='ocrx_word' id='word_1_181' title='bbox 742 2394 825 2458; x_wconf 90' lang='lat' dir='ltr'>ab</span> <span class='ocrx_word' id='word_1_182' title='bbox 875 2416 945 2460; x_wconf 90' lang='lat' dir='ltr'>se</span> <span class='ocrx_word' id='word_1_183' title='bbox 991 2398 1187 2478; x_wconf 90' lang='lat' dir='ltr'>atque</span> <span class='ocrx_word' id='word_1_184' title='bbox 1234 2395 1319 2460; x_wconf 86' lang='lat' dir='ltr'>ab</span> <span class='ocrx_word' id='word_1_185' title='bbox 1366 2394 1590 2461; x_wconf 88' lang='lat' dir='ltr'>liberis</span> <span class='ocrx_word' id='word_1_186' title='bbox 1637 2395 1772 2460; x_wconf 87' lang='lat' dir='ltr'>suis</span> <span class='ocrx_word' id='word_1_187' title='bbox 1819 2395 2026 2480; x_wconf 86' lang='lat' dir='ltr'>legati</span> <span class='ocrx_word' id='word_1_188' title='bbox 2069 2395 2297 2480; x_wconf 92' lang='lat' dir='ltr'>populi</span> 
     </span>
     <span class='ocr_line' id='line_1_25' title="bbox 194 2482 2296 2568; baseline 0.003 -26"><span class='ocrx_word' id='word_1_189' title='bbox 194 2501 249 2543; x_wconf 63' lang='grc' dir='ltr'>ιε</span> <span class='ocrx_word' id='word_1_190' title='bbox 277 2482 556 2549; x_wconf 86' lang='lat' dir='ltr'>Romani</span> <span class='ocrx_word' id='word_1_191' title='bbox 593 2483 802 2549; x_wconf 91' lang='lat' dir='ltr'>scelus</span> <span class='ocrx_word' id='word_1_192' title='bbox 842 2504 917 2548; x_wconf 89' lang='lat' dir='ltr'>ac</span> <span class='ocrx_word' id='word_1_193' title='bbox 953 2482 1290 2548; x_wconf 88' lang='lat' dir='ltr'>libidinem</span> <span class='ocrx_word' id='word_1_194' title='bbox 1325 2484 1710 2567; x_wconf 86' lang='lat' dir='ltr'>propulsare</span> <span class='ocrx_word' id='word_1_195' title='bbox 1750 2483 2049 2568; x_wconf 78' lang='lat' dir='ltr'>possint?</span> <span class='ocrx_word' id='word_1_196' title='bbox 2123 2483 2296 2549; x_wconf 86' lang='lat' dir='ltr'>Nam</span> 
     </span>
     <span class='ocr_line' id='line_1_26' title="bbox 277 2570 2297 2656; baseline 0.001 -21"><span class='ocrx_word' id='word_1_197' title='bbox 277 2593 518 2655; x_wconf 88' lang='lat' dir='ltr'>quaero</span> <span class='ocrx_word' id='word_1_198' title='bbox 546 2572 666 2636; x_wconf 84' lang='lat' dir='ltr'>abs</span> <span class='ocrx_word' id='word_1_199' title='bbox 703 2576 798 2655; x_wconf 89' lang='lat' dir='ltr'>te,</span> <span class='ocrx_word' id='word_1_200' title='bbox 834 2571 1377 2637; x_wconf 79' lang='lat' dir='ltr'>circumsessusne</span> <span class='ocrx_word' id='word_1_201' title='bbox 1414 2571 1505 2635; x_wconf 90' lang='lat' dir='ltr'>sis</span> <span class='ocrx_word' id='word_1_202' title='bbox 1531 2570 1892 2656; x_wconf 88' lang='lat' dir='ltr'>Lampsaci,</span> <span class='ocrx_word' id='word_1_203' title='bbox 1929 2572 2297 2656; x_wconf 76' lang='lat' dir='ltr'>coeperitne</span> 
     </span>
     <span class='ocr_line' id='line_1_27' title="bbox 277 2621 2296 2744; baseline 0 -22"><span class='ocrx_word' id='word_1_204' title='bbox 277 2660 560 2741; x_wconf 91' lang='lat' dir='ltr'>domum,</span> <span class='ocrx_word' id='word_1_205' title='bbox 603 2659 672 2723; x_wconf 91' lang='lat' dir='ltr'>in</span> <span class='ocrx_word' id='word_1_206' title='bbox 713 2621 843 2744; x_wconf 71' lang='lat' dir='ltr'>qiia</span> <span class='ocrx_word' id='word_1_207' title='bbox 889 2659 1334 2742; x_wconf 84' lang='lat' dir='ltr'>deversabare,</span> <span class='ocrx_word' id='word_1_208' title='bbox 1378 2659 1498 2723; x_wconf 90' lang='lat' dir='ltr'>illa</span> <span class='ocrx_word' id='word_1_209' title='bbox 1543 2659 1895 2725; x_wconf 90' lang='lat' dir='ltr'>multitudo</span> <span class='ocrx_word' id='word_1_210' title='bbox 1939 2659 2296 2742; x_wconf 87' lang='lat' dir='ltr'>incendere,</span> 
     </span>
     <span class='ocr_line' id='line_1_28' title="bbox 278 2744 2296 2834; baseline 0.001 -26"><span class='ocrx_word' id='word_1_211' title='bbox 278 2744 685 2811; x_wconf 73' lang='lat' dir='ltr'>voluerintne</span> <span class='ocrx_word' id='word_1_212' title='bbox 725 2749 1019 2834; x_wconf 85' lang='lat' dir='ltr'>legatum</span> <span class='ocrx_word' id='word_1_213' title='bbox 1064 2746 1293 2832; x_wconf 91' lang='lat' dir='ltr'>populi</span> <span class='ocrx_word' id='word_1_214' title='bbox 1329 2747 1609 2812; x_wconf 85' lang='lat' dir='ltr'>Romani</span> <span class='ocrx_word' id='word_1_215' title='bbox 1655 2748 2030 2813; x_wconf 88' lang='lat' dir='ltr'>comburere</span> <span class='ocrx_word' id='word_1_216' title='bbox 2076 2747 2296 2811; x_wconf 88' lang='lat' dir='ltr'>vivum</span> 
     </span>
     <span class='ocr_line' id='line_1_29' title="bbox 275 2832 2297 2923; baseline -0.001 -24"><span class='ocrx_word' id='word_1_217' title='bbox 275 2832 720 2918; x_wconf 83' lang='lat' dir='ltr'>Lampsaceni.</span> <span class='ocrx_word' id='word_1_218' title='bbox 791 2835 1052 2923; x_wconf 84' lang='lat' dir='ltr'>Negare</span> <span class='ocrx_word' id='word_1_219' title='bbox 1087 2857 1222 2900; x_wconf 93' lang='lat' dir='ltr'>non</span> <span class='ocrx_word' id='word_1_220' title='bbox 1265 2839 1482 2919; x_wconf 81' lang='lat' dir='ltr'>potes3</span> <span class='ocrx_word' id='word_1_221' title='bbox 1528 2834 1739 2901; x_wconf 90' lang='lat' dir='ltr'>habeo</span> <span class='ocrx_word' id='word_1_222' title='bbox 1786 2835 1959 2900; x_wconf 91' lang='lat' dir='ltr'>enim</span> <span class='ocrx_word' id='word_1_223' title='bbox 2004 2834 2297 2899; x_wconf 86' lang='lat' dir='ltr'>testimo-</span> 
     </span>
     <span class='ocr_line' id='line_1_30' title="bbox 190 2920 2297 3008; baseline 0.001 -25"><span class='ocrx_word' id='word_1_224' title='bbox 190 2941 246 2982; x_wconf 76' lang='grc' dir='ltr'>εο</span> <span class='ocrx_word' id='word_1_225' title='bbox 273 2923 456 2987; x_wconf 90' lang='lat' dir='ltr'>nium</span> <span class='ocrx_word' id='word_1_226' title='bbox 515 2924 900 3008; x_wconf 90' lang='lat' dir='ltr'>[publicum]</span> <span class='ocrx_word' id='word_1_227' title='bbox 955 2928 1169 3006; x_wconf 88' lang='lat' dir='ltr'>tuum,</span> <span class='ocrx_word' id='word_1_228' title='bbox 1225 2923 1398 3007; x_wconf 90' lang='lat' dir='ltr'>quod</span> <span class='ocrx_word' id='word_1_229' title='bbox 1452 2922 1623 3008; x_wconf 89' lang='lat' dir='ltr'>apud</span> <span class='ocrx_word' id='word_1_230' title='bbox 1676 2922 2005 2989; x_wconf 87' lang='lat' dir='ltr'>Neronem</span> <span class='ocrx_word' id='word_1_231' title='bbox 2057 2920 2297 3004; x_wconf 85' lang='lat' dir='ltr'>dixisti,</span> 
     </span>
     <span class='ocr_line' id='line_1_31' title="bbox 273 2974 2295 3096; baseline -0.001 -20"><span class='ocrx_word' id='word_1_232' title='bbox 273 3012 513 3095; x_wconf 87' lang='lat' dir='ltr'>habeo,</span> <span class='ocrx_word' id='word_1_233' title='bbox 561 3034 723 3096; x_wconf 88' lang='lat' dir='ltr'>quas</span> <span class='ocrx_word' id='word_1_234' title='bbox 770 3012 853 3077; x_wconf 88' lang='lat' dir='ltr'>ad</span> <span class='ocrx_word' id='word_1_235' title='bbox 900 2974 1169 3077; x_wconf 84' lang='lat' dir='ltr'>eundeni</span> <span class='ocrx_word' id='word_1_236' title='bbox 1215 3011 1476 3077; x_wconf 82' lang='lat' dir='ltr'>litteras</span> <span class='ocrx_word' id='word_1_237' title='bbox 1522 3011 1778 3076; x_wconf 84' lang='lat' dir='ltr'>misisti.</span> <span class='ocrx_word' id='word_1_238' title='bbox 1850 3010 2082 3075; x_wconf 88' lang='lat' dir='ltr'>Recita</span> <span class='ocrx_word' id='word_1_239' title='bbox 2125 3008 2295 3074; x_wconf 88' lang='lat' dir='ltr'>hunc</span> 
     </span>
     <span class='ocr_line' id='line_1_32' title="bbox 271 3096 2295 3185; baseline -0.001 -20"><span class='ocrx_word' id='word_1_240' title='bbox 271 3100 486 3185; x_wconf 90' lang='lat' dir='ltr'>ipsum</span> <span class='ocrx_word' id='word_1_241' title='bbox 525 3102 740 3165; x_wconf 91' lang='lat' dir='ltr'>locum</span> <span class='ocrx_word' id='word_1_242' title='bbox 787 3100 865 3165; x_wconf 91' lang='lat' dir='ltr'>de</span> <span class='ocrx_word' id='word_1_243' title='bbox 911 3099 1307 3165; x_wconf 88' lang='lat' dir='ltr'>testimonio.</span> <span class='ocrx_word' id='word_1_244' title='bbox 1389 3098 1886 3165; x_wconf 72' lang='lat' dir='ltr'>TESTIMONIUM</span> <span class='ocrx_word' id='word_1_245' title='bbox 1931 3096 1999 3163; x_wconf 80' lang='lat' dir='ltr'>G.</span> <span class='ocrx_word' id='word_1_246' title='bbox 2027 3096 2295 3163; x_wconf 77' lang='lat' dir='ltr'>VERRIS</span> 
     </span>
     <span class='ocr_line' id='line_1_33' title="bbox 271 3186 2297 3254; baseline -0.001 -1"><span class='ocrx_word' id='word_1_247' title='bbox 271 3206 345 3253; x_wconf 80' lang='lat' dir='ltr'>m</span> <span class='ocrx_word' id='word_1_248' title='bbox 392 3190 947 3254; x_wconf 72' lang='lat' dir='ltr'>Anrnumomm.</span> <span class='ocrx_word' id='word_1_249' title='bbox 1036 3186 1199 3254; x_wconf 68' lang='lat' dir='ltr'>Non</span> <span class='ocrx_word' id='word_1_250' title='bbox 1244 3204 1484 3253; x_wconf 73' lang='lat' dir='ltr'>mro</span> <span class='ocrx_word' id='word_1_251' title='bbox 1538 3203 1711 3252; x_wconf 78' lang='lat' dir='ltr'>Posr</span> <span class='ocrx_word' id='word_1_252' title='bbox 1765 3204 1841 3252; x_wconf 77' lang='lat' dir='ltr'>m</span> <span class='ocrx_word' id='word_1_253' title='bbox 1870 3202 2139 3251; x_wconf 75' lang='lat' dir='ltr'>nomm</span> <span class='ocrx_word' id='word_1_254' title='bbox 2198 3221 2297 3250; x_wconf 91' lang='lat'>-.</span> 
     </span>
     <span class='ocr_line' id='line_1_34' title="bbox 270 3273 2297 3361; baseline -0.001 -20"><span class='ocrx_word' id='word_1_255' title='bbox 270 3276 619 3343; x_wconf 91' lang='lat' dir='ltr'>Bellumne</span> <span class='ocrx_word' id='word_1_256' title='bbox 673 3276 918 3361; x_wconf 91' lang='lat' dir='ltr'>populo</span> <span class='ocrx_word' id='word_1_257' title='bbox 964 3276 1261 3341; x_wconf 88' lang='lat' dir='ltr'>Romano</span> <span class='ocrx_word' id='word_1_258' title='bbox 1309 3275 1751 3359; x_wconf 83' lang='lat' dir='ltr'>Lampsacena</span> <span class='ocrx_word' id='word_1_259' title='bbox 1806 3273 2050 3340; x_wconf 73' lang='lat' dir='ltr'>civitas·</span> <span class='ocrx_word' id='word_1_260' title='bbox 2083 3273 2297 3339; x_wconf 84' lang='lat' dir='ltr'>facere</span> 
     </span>
     <span class='ocr_line' id='line_1_35' title="bbox 189 3362 2298 3448; baseline -0.001 -18"><span class='ocrx_word' id='word_1_261' title='bbox 189 3381 245 3421; x_wconf 76' lang='lat'>⁸5</span> <span class='ocrx_word' id='word_1_262' title='bbox 273 3365 680 3431; x_wconf 74' lang='lat' dir='ltr'>conabatur?</span> <span class='ocrx_word' id='word_1_263' title='bbox 727 3364 996 3430; x_wconf 88' lang='lat' dir='ltr'>deficere</span> <span class='ocrx_word' id='word_1_264' title='bbox 1033 3365 1116 3430; x_wconf 86' lang='lat' dir='ltr'>ab</span> <span class='ocrx_word' id='word_1_265' title='bbox 1164 3363 1439 3448; x_wconf 89' lang='lat' dir='ltr'>imperio</span> <span class='ocrx_word' id='word_1_266' title='bbox 1486 3385 1561 3429; x_wconf 89' lang='lat' dir='ltr'>ac</span> <span class='ocrx_word' id='word_1_267' title='bbox 1604 3362 1867 3429; x_wconf 92' lang='lat' dir='ltr'>nomine</span> <span class='ocrx_word' id='word_1_268' title='bbox 1910 3366 2140 3428; x_wconf 89' lang='lat' dir='ltr'>nostro</span> <span class='ocrx_word' id='word_1_269' title='bbox 2186 3385 2298 3428; x_wconf 89' lang='lat' dir='ltr'>vo-</span> 
     </span>
     <span class='ocr_line' id='line_1_36' title="bbox 271 3451 2298 3536; baseline 0.001 -21"><span class='ocrx_word' id='word_1_270' title='bbox 271 3452 496 3519; x_wconf 75' lang='lat' dir='ltr'>lebat?</span> <span class='ocrx_word' id='word_1_271' title='bbox 588 3452 797 3519; x_wconf 88' lang='lat' dir='ltr'>Video</span> <span class='ocrx_word' id='word_1_272' title='bbox 862 3453 1034 3518; x_wconf 91' lang='lat' dir='ltr'>enim</span> <span class='ocrx_word' id='word_1_273' title='bbox 1097 3457 1165 3517; x_wconf 90' lang='lat' dir='ltr'>et</span> <span class='ocrx_word' id='word_1_274' title='bbox 1228 3451 1469 3535; x_wconf 84' lang='lat' dir='ltr'>exiis,</span> <span class='ocrx_word' id='word_1_275' title='bbox 1532 3473 1696 3535; x_wconf 92' lang='lat' dir='ltr'>quae</span> <span class='ocrx_word' id='word_1_276' title='bbox 1750 3451 1886 3536; x_wconf 85' lang='lat' dir='ltr'>legi</span> <span class='ocrx_word' id='word_1_277' title='bbox 1942 3454 2008 3515; x_wconf 89' lang='lat' dir='ltr'>et</span> <span class='ocrx_word' id='word_1_278' title='bbox 2063 3451 2298 3534; x_wconf 86' lang='lat' dir='ltr'>audivi,</span> 
     </span>
     <span class='ocr_line' id='line_1_37' title="bbox 274 3539 2298 3628; baseline 0 -25"><span class='ocrx_word' id='word_1_279' title='bbox 274 3539 616 3628; x_wconf 84' lang='lat' dir='ltr'>intellego,</span> <span class='ocrx_word' id='word_1_280' title='bbox 679 3542 750 3606; x_wconf 91' lang='lat' dir='ltr'>in</span> <span class='ocrx_word' id='word_1_281' title='bbox 815 3563 944 3626; x_wconf 86' lang='lat' dir='ltr'>qua</span> <span class='ocrx_word' id='word_1_282' title='bbox 1006 3540 1272 3607; x_wconf 86' lang='lat' dir='ltr'>civitate</span> <span class='ocrx_word' id='word_1_283' title='bbox 1324 3561 1459 3606; x_wconf 89' lang='lat' dir='ltr'>non</span> <span class='ocrx_word' id='word_1_284' title='bbox 1511 3540 1706 3606; x_wconf 91' lang='lat' dir='ltr'>modo</span> <span class='ocrx_word' id='word_1_285' title='bbox 1758 3541 2018 3627; x_wconf 79' lang='lat' dir='ltr'>legatus</span> <span class='ocrx_word' id='word_1_286' title='bbox 2070 3539 2298 3626; x_wconf 91' lang='lat' dir='ltr'>populi</span> 
     </span>
    </p>
   </div>
   <div class='ocr_carea' id='block_1_5' title="bbox 2366 1662 2397 1722">
    <p class='ocr_par' dir='ltr' id='par_1_5' title="bbox 2366 1662 2397 1722">
     <span class='ocr_line' id='line_1_38' title="bbox 2366 1662 2397 1722; baseline 0 0"><span class='ocrx_word' id='word_1_287' title='bbox 2366 1662 2397 1722; x_wconf 91' lang='lat'>1</span> 
     </span>
    </p>
   </div>
   <div class='ocr_carea' id='block_1_6' title="bbox 2335 3023 2402 3072">
    <p class='ocr_par' dir='ltr' id='par_1_6' title="bbox 2335 3023 2402 3072">
     <span class='ocr_line' id='line_1_39' title="bbox 2335 3023 2402 3072; baseline 0.015 -1"><span class='ocrx_word' id='word_1_288' title='bbox 2335 3023 2402 3072; x_wconf 81' lang='lat'>79</span> 
     </span>
    </p>
   </div>
  </div>
 </body>
</html>
