2566 4016
638 244 773 300 ΜΒ.
812 245 890 301 1V
955 245 1107 304 CAP.
1146 253 1356 304 57-59
1394 253 1424 314 ς
1463 253 1755 303 128-133.
2077 248 2207 314 419

199 389 372 474 quod
415 411 673 455 mensas
717 389 1071 475 Delphicas
1118 411 1153 455 e
1198 412 1550 473 marmore,
1605 394 1889 456 crateras
1938 414 2015 457 ex
2062 414 2209 460 aere

196 477 690 563 pulcherrimas,
752 479 886 542 vim
949 478 1299 543 maximam
1363 500 1667 545 vasorum
1723 477 2209 546 Corinthiorum
2290 482 2295 485 ’

199 586 276 630 ex
314 565 610 631 omnibus
649 566 914 631 aedibus
953 566 1154 631 sacris
1192 567 1469 633 abstulit
1506 563 1861 650 Syracusis,
1924 567 2174 652 Itaque,
2213 581 2314 631 132

196 653 466 738 iudices,
522 654 603 738 ii,
667 654 777 738 qui
840 655 1134 739 hospites
1195 654 1278 719 ad
1333 676 1436 739 ea,
1501 676 1664 737 quae
1719 655 1987 720 visenda
2042 660 2210 739 sunt,

144 757 172 800 5
201 741 414 806 solent
469 742 696 808 ducere
752 744 819 806 et
870 764 1070 808 unum
1126 742 1406 827 quidque
1462 743 1827 826 ostendere,
1891 765 2054 827 quos
2109 744 2211 808 illi

198 833 623 916 mystagogos
686 834 949 914 vocant,
973 822 989 835 ⁹
1013 851 1392 896 conversam
1453 831 1584 896 iam
1649 831 1897 896 habent
1953 831 2209 897 demon·

199 918 584 984 strationem
620 940 822 984 suam.
894 917 1085 1002 Nam,
1130 922 1206 984 ut
1251 923 1404 984 ante
1451 919 2007 1004 demonstrabant,
2055 920 2207 1003 quid

195 1006 433 1090 ubique
489 1010 684 1091 esset,
747 1006 912 1072 item
958 1028 1155 1091 nunc,
1212 1007 1368 1091 quid
1421 1007 1701 1090 undique
1757 1007 2049 1073 ablatum
2106 1009 2211 1093 sit,

198 1094 566 1159 ostendunt.
2252 1172 2260 1178 ι

114 1199 171 1240 ιο
330 1180 499 1257 Quid
533 1181 720 1245 tum?
766 1181 1154 1246 mediocrine
1190 1182 1456 1248 tandem
1494 1183 1715 1248 dolore
1763 1204 1873 1247 eos
1921 1183 2210 1248 adfectos

198 1289 340 1334 esse
378 1268 831 1333 arbitramini?
912 1267 1066 1334 Non
1100 1269 1198 1333 ita
1237 1272 1358 1354 est,
1401 1271 1661 1354 iudices,
1707 1270 1992 1355 primum
2040 1271 2212 1354 quod

199 1377 422 1421 omnes
486 1356 801 1442 religione
866 1360 1205 1421 moventur
1268 1360 1337 1422 et
1401 1358 1552 1423 deos
1609 1358 1886 1443 patrios,
1953 1379 2115 1443 quos
2172 1381 2212 1423 a

199 1444 556 1510 maioribus
594 1449 995 1530 acceperunt,
1040 1445 1343 1510 colendos
1383 1446 1509 1511 sibi
1556 1446 1904 1533 diligenter
1950 1451 2016 1512 et
2061 1447 2210 1513 reti-

197 1532 441 1597 nendos
516 1554 655 1599 esse
720 1533 1147 1617 arbitrantur3
1222 1533 1448 1600 deinde
1512 1534 1618 1600 hic
1683 1538 1979 1619 ornatus,
2049 1535 2211 1601 haec

110 1638 167 1680 ιε
198 1642 396 1706 opera
452 1625 644 1707 atque
700 1621 1002 1706 artificia,
1068 1622 1281 1707 signa,
1308 1623 1603 1688 tabulae
1658 1623 1872 1708 pictae
1927 1622 2210 1689 Graecos

195 1709 490 1774 homines
553 1710 754 1775 nimio
822 1731 1014 1795 opere
1080 1710 1419 1776 delectant.
1516 1709 1748 1794 Itaque
1808 1733 1886 1776 ex
1942 1711 2209 1776 illorum

199 1797 617 1879 querimoniis
694 1799 1075 1883 intellegere
1146 1819 1523 1882 possumus,
1603 1798 1763 1863 haec
1833 1798 1966 1863 illis
2041 1819 2210 1863 acer·

196 1883 489 1948 bissuma
541 1884 773 1967 videri,
829 1906 992 1967 quae
1040 1884 1322 1949 forsitan
1363 1885 1552 1949 nobis
1599 1885 1772 1949 levia
1816 1888 1881 1951 et
1928 1889 2210 1950 contem—

195 1970 410 2038 nenda
455 1991 595 2038 esse
640 1971 998 2038 videantur.
1076 1970 1244 2036 Mihi
1289 1971 1555 2056 credite,
1601 1971 1868 2057 iudices,
1917 1970 2211 2058 (tametsi

107 2080 170 2123 so
198 2064 452 2127 vosmet
521 2059 701 2144 ipsos
772 2059 932 2125 haec
1004 2058 1228 2125 eadem
1301 2059 1521 2126 audire
1595 2064 1770 2125 certo
1836 2060 1999 2146 scio)
2063 2083 2209 2127 cum

197 2149 446 2215 multas
482 2147 845 2233 acceperint
880 2168 997 2232 per
1031 2148 1227 2213 hosce
1265 2169 1468 2214 annos
1507 2148 1666 2213 socii
1712 2152 1906 2232 atque
1953 2152 2210 2214 exterae

197 2236 499 2301 nationes
529 2235 935 2301 calamitates
976 2240 1042 2301 et
1076 2235 1366 2320 iniurias,
1401 2235 1620 2301 nullas
1648 2235 1881 2302 Graeci
1915 2237 2209 2302 homines

200 2324 464 2409 gravius
501 2322 720 2388 ferunt
757 2346 833 2390 ac
869 2324 1161 2389 tulerunt
1202 2344 1398 2408 quam
1442 2324 1708 2390 huiusce
1754 2325 1929 2390 modi
1976 2326 2210 2410 spolia-

198 2411 411 2477 tiones
477 2410 778 2478 fanorum
845 2416 1039 2496 atque
1094 2412 1498 2498 oppidorum.
1586 2412 1768 2478 Licet
1821 2413 1947 2478 iste
2004 2414 2175 2479 dic-at
2213 2418 2316 2468 133

108 2517 169 2562 25
201 2499 434 2565 emisse
467 2522 555 2585 se,
592 2500 784 2566 sicuti
820 2501 989 2565 solet
1025 2500 1251 2585 dicere,
1289 2501 1528 2567 credite
1566 2501 1690 2567 hoc
1726 2502 1906 2587 mihi,
1941 2502 2209 2568 iudices:
2311 2543 2313 2545 -

196 2588 381 2654 nulla
442 2611 751 2673 umquam
811 2589 1042 2655 civitas
1095 2593 1241 2656 tota
1285 2588 1447 2656 Asia
1502 2594 1568 2654 et
1623 2588 1896 2656 Graecia
1949 2592 2210 2678 signum

197 2677 431 2760 ullum,
493 2678 789 2742 tabulam
842 2677 1086 2762 pictam
1138 2678 1361 2761 ullam,
1429 2678 1639 2743 ullum
1695 2678 1967 2761 denique
2023 2700 2211 2744 orna-

199 2767 490 2828 mentum
548 2764 729 2830 urbis
787 2786 905 2842 sua
956 2766 1297 2830 voluntate
1352 2766 1652 2849 cuiquam
1705 2765 2019 2850 vendidit3
2081 2765 2212 2831 nisi

197 2849 380 2915 forte·
434 2851 849 2935 existimatis,
912 2856 1340 2937 posteaquam
1394 2852 1632 2917 iudicia
1687 2873 1909 2918 severa
1963 2852 2210 2918 Romae

108 2958 169 3001 so
199 2937 340 3003 fieri
395 2938 749 3023 desierunt,
802 2937 1080 3005 Graecos
1133 2940 1431 3004 homines
1482 2940 1644 3005 haec
1696 2940 2029 3005 venditare
2075 2962 2211 3005 coe-

196 3026 398 3112 pisse,
472 3048 636 3110 quae
698 3029 839 3092 tum
902 3048 1035 3092 non
1096 3026 1288 3091 modo
1350 3048 1485 3093 non
1544 3027 1993 3112 venditabant,
2065 3050 2239 3094 cum·

197 3115 438 3181 iudicia
472 3115 737 3199 fiebant,
779 3136 1002 3182 verum
1040 3114 1240 3180 etiam
1276 3116 1680 3200 coemebant3
1727 3120 1840 3181 aut
1874 3116 2002 3181 nisi
2044 3117 2212 3181 arbi·
2308 3152 2318 3164 ·

197 3202 466 3269 tramini
519 3202 590 3268 L.
637 3201 873 3269 Crasso
884 3253 902 3289 ,
966 3202 1040 3279 Q.
1086 3200 1461 3286 Scaevolae,
1518 3201 1586 3269 O.
1634 3201 1934 3288 Claudio,
1987 3208 2211 3290 poten·

196 3291 469 3357 tissimis
532 3291 933 3376 hominibus,
998 3312 1273 3375 quorum
1338 3291 1702 3357 aedilitates
1760 3292 2211 3358 ornatissimas

108 3398 167 3443 85
198 3380 494 3466 vidimus,
540 3381 997 3448 commercium
1032 3380 1312 3445 istarum
1346 3401 1563 3446 rerum
1609 3389 1757 3447 cum
1789 3380 2050 3447 Graecis
2096 3382 2212 3447 ho·

198 3468 482 3535 minibus
534 3490 668 3535 non
711 3468 939 3553 fuisse,
992 3468 1104 3553 iis,
1158 3469 1269 3553 qui
1314 3473 1467 3554 post
1509 3469 1895 3536 iudiciorum
1941 3469 2211 3537 dissolu·

199 3556 443 3623 tion‘em
492 3557 728 3624 aediles
773 3556 934 3624 facti
980 3561 1160 3641 sunt,
1203 3556 1423 3624 fuisse.

1677 3661 1785 3718 27*
