2566 4016
681 216 815 274 LIB.
843 217 895 282 V
958 217 1112 272 CAP.
1149 222 1360 273 65-6‘1
1399 222 1429 282 s
1469 221 1764 273 les—1⁷3.
2102 215 2234 282 493

231 360 469 426 amicos
513 363 777 426 nostrae
823 360 1137 444 civitatis,
1188 382 1322 424 non
1368 359 1450 425 ad
1494 381 1632 444 eos,
1687 360 1798 444 qui
1841 361 2068 444 populi
2109 360 2235 426 Ro-

230 448 404 514 mani
440 469 693 514 ·nomen
748 447 1103 532 audissent,
1163 447 1436 532 denique
1490 447 1548 512 si
1600 469 1734 512 non
1786 448 1870 513 ad
1920 448 2235 533 homines,

229 558 451 602 verum
505 536 588 601 ad
640 536 914 620 bestias,
970 540 1083 601 aut
1133 536 1358 620 etiam,
1410 540 1485 601 ut
1531 535 1790 622 longius
1835 537 2235 621 progrediar,

232 624 288 689 si
348 624 417 689 in
480 625 701 708 aliqua
762 624 1202 689 desertissima
1264 624 1613 689 solitudine
1677 624 1759 688 ad
1823 645 1981 689 saxa
2035 627 2100 688 et
2153 625 2237 689 ad

179 729 206 772 ε
232 713 531 796 scopulos
593 713 753 778 haee
811 713 1116 797 conqueri
1170 734 1244 778 ac
1300 712 1637 797 deplorare
1690 712 1954 796 vellem,
2017 716 2238 777 tamen

232 800 450 866 omnia
475 804 659 865 muta
687 804 882 885 atque
908 800 1197 865 inanima
1223 804 1413 866 tanta
1441 805 1507 865 et
1542 804 1679 866 tam
1716 800 1985 886 indigna
2020 821 2238 864 rerum

232 888 585 954 acerbitate
655 893 1230 954 commoverentur.
1327 887 1393 953 Ν
1393 910 1518 954 uno
1578 909 1732 954 vero
1798 909 1943 953 eum
2004 888 2238 972 loquar

232 976 401 1060 apud
454 981 787 1043 senatores
841 977 1069 1062 populi
1112 976 1419 1060 Romani,
1473 976 1694 1062 legum
1745 980 1811 1041 et
1854 976 2237 1042 iudiciorum

233 1068 297 1128 et
331 1064 492 1129 iuris
529 1069 844 1146 auctores,
888 1065 1119 1129 timere
1153 1087 1289 1130 non
1333 1065 1554 1148 debeo,
1598 1085 1679 1128 ne
1722 1085 1857 1130 non
1900 1086 2065 1130 unus
2111 1064 2236 1130 iste

156 1170 207 1210 ιο
232 1151 389 1216 civis
434 1151 765 1217 Romanus
818 1152 939 1216 illa
982 1173 1166 1218 eruce
1211 1152 1473 1237 dignus,
1527 1152 1726 1218 ceteri
1769 1174 1992 1218 omnes
2039 1152 2241 1217 simili

230 1238 517 1323 periculo
554 1239 992 1324 indignissimi
1026 1239 1406 1305 iudicentur.
1475 1240 1681 1306 Paulo
1729 1243 1898 1322 ante,
1940 1240 2203 1324 iudices,
2241 1254 2343 1305 172

233 1327 555 1393 lacrumas
591 1327 660 1390 in
698 1331 907 1393 morte
937 1329 1183 1395 misera
1219 1332 1415 1412 atque
1454 1328 1723 1414 indigna
1763 1329 2240 1394 nauarchorum

230 1436 363 1479 non
432 1416 812 1481 tenebamus
877 1418 943 1481 et
1005 1419 1176 1481 reete
1240 1439 1316 1481 ae
1378 1417 1611 1482 merito
1674 1417 1997 1483 sociorum
2060 1417 2241 1482 inno-

233 1503 514 1569 centium
549 1503 814 1569 miseria
848 1505 1439 1588 commovebamur3
1485 1504 1640 1590 quid
1682 1526 1855 1571 nuno
1897 1505 1968 1569 in
2009 1508 2239 1571 nostro

151 1608 207 1650 1⁶
234 1592 546 1678 sanguine
600 1592 865 1657 tandem
917 1592 1129 1658 faeere
1174 1592 1526 1658 debemus?
1613 1592 1788 1658 Nam
1835 1593 2070 1659 civium
2115 1593 2241 1659 Ro·

231 1702 572 1746 manorum
637 1681 924 1746 omnium
989 1681 1254 1767 sanguis
1315 1681 1693 1746 coniunctus
1753 1681 2238 1762 existumandus

232 1771 351 1850 est,
380 1769 683 1851 quoniam
706 1772 775 1833 et
798 1769 1031 1834 salutis
1054 1768 1343 1833 omnium
1365 1767 1537 1832 ratio
1567 1771 1634 1832 et
1659 1768 1900 1832 veritas
1927 1767 2241 1852 postulat.

233 1853 472 1920 Omnes
527 1855 652 1920 hoo
706 1857 849 1921 loco
895 1857 1064 1921 cives
1109 1855 1415 1938 Romani,
1471 1858 1537 1918 et
1583 1854 1695 1937 qui
1736 1855 1975 1920 adsunt
2020 1859 2087 1919 et
2131 1856 2242 1939 qui

233 1942 470 2027 ubique
509 1946 679 2027 sunt,
723 1947 1012 2007 vestram
1057 1942 1471 2007 severitatem
1517 1941 1909 2028 desiderant,
1953 1947 2241 2008 vestram

149 2050 207 2091 20
232 2031 426 2097 fidem
479 2031 839 2117 inplorant,
891 2035 1181 2097 vestrum
1239 2031 1550 2097 auxilium
1605 2032 1969 2116 requirunt3
2023 2032 2243 2098 omnia

234 2142 354 2185 sua
388 2120 548 2203 iura,
596 2119 951 2203 commoda,
998 2118 1254 2203 auxilia,
1300 2123 1512 2184 totam
1549 2119 1822 2203 denique
1867 2120 2241 2185 libertatem

232 2208 304 2272 in
329 2208 561 2273 vestris
596 2207 933 2273 sententiis
960 2208 1208 2272 versari
1235 2208 1657 2272 arbitrantur.
1719 2205 1782 2271 A
1809 2230 1912 2272 me
1940 2209 2208 2273 tametsi
2246 2222 2345 2273 173

225 2295 397 2364 satis
443 2296 715 2379 habent,
769 2299 1017 2379 tamen,
1071 2295 1129 2360 si
1172 2316 1276 2361 res
1322 2294 1516 2360 aliter
1563 2295 1867 2361 acciderit
1874 2346 1893 2380 ,
1935 2295 2083 2380 plus
2129 2296 2240 2361 ha·

233 2384 482 2448 bebunt
541 2383 848 2467 fortasse,
909 2405 1108 2468 quam
1171 2384 1525 2469 postulant.
1622 2382 1795 2449 Nam
1850 2383 1907 2448 si
1960 2405 2089 2468 qua
2141 2384 2241 2450 vis

148 2487 205 2529 2⁵
232 2471 435 2536 istum
490 2471 567 2537 de
620 2476 842 2538 vestra
894 2472 1240 2537 severitate
1295 2472 1628 2555 eripuerit,
1690 2471 1758 2535 id
1811 2472 1983 2556 quod
2035 2494 2242 2557 neque

233 2564 452 2627 metuo
461 2611 480 2645 ,
543 2560 811 2645 iudices,
873 2582 1081 2645 neque
1143 2560 1281 2626 ullo
1341 2560 1533 2626 modo
1588 2559 1729 2625 fieri
1781 2582 1973 2644 posse
2028 2560 2243 2643 vide03

232 2648 346 2712 sed
383 2649 440 2712 si
483 2648 554 2713 in
595 2649 720 2714 hoo
765 2671 869 2714 me
912 2649 1082 2715 ratio
1128 2648 1454 2733 fefellerit,
1501 2646 1705 2714 Siculi
1749 2669 2010 2713 eausam
2056 2669 2243 2714 suam

230 2735 478 2818 perisse
541 2740 890 2819 querentur
945 2741 1015 2801 et
1072 2759 1325 2802 meeum
1386 2736 1633 2820 pariter
1686 2736 1960 2800 moleste
2014 2735 2245 2818 ferent,

230 2823 512 2905 populus
560 2823 819 2906 quidem
863 2823 1195 2888 Romanus
1240 2822 1451 2907 brevi,
1507 2822 1811 2906 quoniam
1857 2822 2021 2887 mihi
2063 2827 2242 2908 pote-

143 2928 204 2970 so
234 2913 475 2975 statem
539 2910 710 2994 apud
773 2931 842 2974 se
897 2911 1131 2996 agendi
1187 2910 1390 2993 dedit,
1452 2910 1553 2974 ius
1609 2932 1796 2975 suum
1848 2933 1954 2975 me
2008 2914 2242 2997 agente

233 2998 369 3063 suis
426 2997 753 3084 suffragiis
809 3002 960 3063 ante
1013 2997 1159 3063 Kal.
1200 2997 1587 3064 Februarias
1640 2998 2064 3083 recuperabit.
2146 2998 2244 3065 Ae

232 3088 292 3151 si
330 3086 407 3151 de
444 3107 590 3153 mea
636 3085 848 3172 gloria
893 3090 1086 3171 atque
1134 3085 1560 3170 amplitudine
1607 3086 1939 3171 quaeritiS,
1981 3087 2243 3170 iudices,

227 3197 365 3241 non
418 3178 519 3240 est
574 3174 858 3240 alienum
911 3174 1072 3239 meis
1125 3174 1488 3240 rationibus
1544 3174 1746 3240 istum
1789 3174 1953 3239 mihi
1998 3196 2074 3239 ex
2119 3175 2244 3241 hoe

228 3263 467 3330 iudicio
520 3266 814 3347 ereptum
860 3262 941 3327 ad
987 3262 1151 3328 illud
1194 3263 1423 3347 populi
1467 3262 1747 3328 Romani
1791 3262 2099 3329 iudicium
2144 3285 2245 3329 re-

137 3369 199 3413 35
229 3351 495 3418 servari.
579 3348 929 3435 Splendida
979 3353 1079 3415 est
1122 3349 1243 3416 illa
1287 3372 1509 3435 eausa,
1561 3350 1921 3435 probabilis
1969 3350 2131 3417 mihi
2178 3356 2244 3417 et

226 3440 470 3523 facilis,
528 3439 771 3524 populo
827 3442 1019 3525 grata
1074 3443 1268 3524 atque
1323 3439 1625 3525 iucunda3
1681 3439 1982 3523 denique,
2038 3440 2095 3504 si
2149 3440 2244 3505 vi-

228 3529 387 3594 deor
448 3528 582 3613 hic,
648 3528 715 3592 id
779 3527 950 3613 quod
1014 3549 1139 3615 ego
1200 3549 1332 3594 non
1395 3528 1713 3614 quaesivi,
1777 3528 1854 3594 de
1918 3550 2047 3594 uno
2110 3529 2240 3595 isto
