2566 4016
788 211 922 267 LIB.
960 213 1014 266 11
1078 212 1227 267 CAP.
1267 220 1477 268 21-23
1515 220 1546 279 ς
1583 218 1808 269 50-56.
2185 215 2314 279 219

300 349 517 445 longe
559 357 810 441 primus
877 357 1162 422 civitatis
1218 361 1320 421 est
1375 357 1636 442 quidam
1689 356 2046 442 Epicrates.
2145 356 2315 424 Huic

174 508 197 529 „
298 445 630 511 hereditas
667 443 780 510 HS
822 444 1326 531 quingentorum
1363 444 1618 510 milium
1653 449 1918 511 venerat
1961 468 2001 511 a
2046 447 2314 511 muliere

300 534 584 619 quadam
610 534 994 619 propinqua,
1031 536 1228 618 atque
1262 533 1361 598 ita
1395 533 1782 618 propinqua,
1814 537 1909 618 ut,
1943 555 2020 598 ea
2058 534 2315 600 etiamsi

279 622 618 688 'intestata
663 625 834 686 esset
881 624 1165 705 mortua,
1209 620 1586 706 Epicratem
1631 619 2012 687 Bidinorum
2059 622 2314 706 legibus

248 725 276 765 ⁵
302 710 609 775 heredem
663 726 802 775 esse
859 713 1205 794 oporteret.
1296 709 1542 774 Recens
1589 713 1731 774 erat
1775 709 1893 773 illa
1937 730 2067 793 res,
2122 731 2316 793 quam

306 802 457 865 ante
505 798 970 881 demonstravi,
1025 798 1103 862 de
1149 796 1455 863 Heraclio
1503 795 1933 881 syracusam,
1989 797 2099 882 qui
2145 799 2315 863 bona

302 908 435 952 non
470 886 876 971 perdidisset,
920 885 1049 951 nisi
1086 886 1145 951 ei
1189 886 1474 952 venisset
1518 885 1861 950 hereditas.
1941 884 2112 950 Huic
2159 907 2317 969 quo·

304 997 428 1059 que
490 973 786 1059 Epicrati
847 977 1141 1057 venerat,
1203 978 1279 1039 ut
1344 973 1502 1057 dixi,
1564 973 1908 1039 hereditas.
2010 972 2315 1060 Cogitare

304 1065 656 1148 coeperunt
719 1062 856 1126 eius
909 1061 1153 1127 inimici
1205 1062 1414 1128 nihilo
1472 1062 1681 1126 minus
1738 1061 1962 1127 eodem
2016 1066 2316 1148 praetore

226 1166 280 1208 10
305 1151 511 1216 everti
553 1151 726 1215 hunc
769 1149 959 1215 bonis
1003 1171 1221 1235 posse,
1268 1171 1396 1234 quo
1432 1149 1774 1215 Heraclius
1822 1154 1993 1215 esset
2038 1171 2340 1225 eversus„

305 1239 470 1304 Rem
505 1240 755 1305 occulte
790 1239 1160 1322 instituunt,
1197 1238 1279 1303 ad
1301 1238 1568 1303 Verrem
1604 1260 1721 1322 per
1757 1238 1894 1302 eius
1929 1237 2317 1322 interpretes

308 1327 621 1392 deferunt.
702 1327 809 1392 Ita
853 1349 1048 1393 causa
1094 1326 1529 1410 componitur,
1574 1329 1649 1390 ut
1692 1326 1851 1391 item
1896 1326 2318 1412 palaestritae

306 1414 524 1480 Bidini
587 1418 883 1502 peterent
949 1416 1031 1480 ab
1090 1415 1398 1500 Epicrate
1461 1415 1915 1499 hereditatem,
1980 1437 2173 1500 quem
2235 1414 2318 1479 ad

309 1504 572 1570 modum
597 1503 1018 1588 palaestritae
1047 1501 1436 1588 Syracusani
1463 1504 1546 1569 ab
1575 1503 1881 1569 Heraclio
1913 1503 2317 1589 petivissent.

227 1606 280 1648 1⁵
307 1592 681 1678 Numquam
733 1614 851 1658 vos
905 1596 1273 1677 praetorem
1327 1596 1465 1658 tam
1519 1592 1979 1677 palaestricum
2033 1592 2318 1676 vidistis;

305 1703 530 1748 verum
592 1682 689 1746 ita
750 1680 1169 1766 palaestritas
1235 1680 1643 1764 defendebat,
1707 1685 1781 1746 ut
1844 1680 1925 1745 ab
1990 1680 2123 1745 illis
2178 1681 2317 1767 ipse

306 1771 562 1835 unctior
590 1769 818 1835 abiret.
862 1769 909 1851 †
954 1768 1078 1845 Qui
1106 1769 1333 1834 statim
1362 1768 1534 1853 quod
1568 1791 1876 1854 praesens
1913 1773 2102 1854 esset,
2137 1770 2319 1836 iubet

309 1857 563 1923 cuidam
618 1858 971 1924 amicorum
1027 1879 1292 1923 suorum
1344 1858 1671 1922 numerari
1723 1855 1836 1922 HS
1889 1876 2099 1922 Lxxx.
2188 1858 2317 1923 Res

311 1946 624 2013 occultari
678 1947 839 2013 satis
893 1967 1026 2012 non
1078 1947 1322 2032 potuit,
1376 1967 1493 2033 per
1540 1947 1856 2029 quendam
1904 1967 2153 2032 eorum,
2209 1948 2321 2032 qui

227 2050 282 2091 2⁰
306 2036 762 2119 interfuerant,
825 2036 901 2099 fit
954 2034 1295 2120 Epicrates
1350 2034 1603 2100 certior.
1700 2033 1919 2100 Primo
1972 2036 2319 2122 neglegere

308 2125 522 2226 coepit
569 2129 635 2189 et
680 2128 1117 2226 contemnere,
1174 2124 1347 2207 quod
1391 2145 1585 2190 causa
1603 2144 1923 2225 prorsus,
1979 2123 2151 2207 quod
2198 2124 2319 2189 dis-

304 2215 830 2386 {fissassogss‘ssssssssss'
851 2211 2319 2385 efflissaifflfiessessssssssa‘juffi„3233511

310 2410 486 2453 mum
558 2388 816 2473 putavit
880 2410 1020 2454 esse
1085 2389 1162 2454 de
1224 2389 1561 2474 provincia
1624 2391 1793 2455 clam
1857 2390 2034 2455 abire
2097 2391 2320 2475 itaque

2354 985 2423 1034 54

2357 1874 2424 1923 55

229 2491 281 2532 25
307 2476 489 2562 fecit3
543 2478 873 2561 profectus
930 2481 1030 2542 est
1073 2476 1370 2563 Regium.
1460 2477 1645 2552 Quod
1697 2478 1811 2543 ubi
1865 2477 2156 2544 auditum
2202 2482 2320 2563 est,
2339 2485 2425 2550 23

307 2570 604 2631 aestuare
648 2567 767 2649 illi,
814 2565 926 2650 qui
970 2564 1310 2650 pecuniam
1356 2565 1681 2649 dederant,
1723 2570 1954 2650 putare
1998 2568 2163 2632 nihil
2212 2568 2321 2653 agi

306 2676 498 2736 posse
527 2655 793 2718 absente
820 2652 1155 2738 Epicrate3
1190 2675 1344 2718 nam
1371 2652 1711 2718 Heraclius
1748 2657 1970 2718 tamen
2004 2655 2320 2736 adfuerat,

310 2760 456 2802 cum
499 2741 710 2821 primo
759 2745 910 2807 sunt
957 2741 1095 2807 dati
1137 2741 1405 2824 iudices3
1460 2740 1537 2804 de
1582 2739 1732 2824 hoc,
1786 2742 1923 2825 qui,
1969 2745 2318 2826 antequam

310 2824 559 2891 aditum
594 2826 665 2890 in
698 2828 799 2891 ius
837 2832 1025 2912 esset,
1073 2833 1421 2913 antequam
1455 2829 1700 2894 mentio
1747 2828 2020 2913 denique
2066 2832 2318 2894 contro-

226 2932 281 2973 80
308 2913 558 2980 versiae
612 2914 787 2980 facta
841 2920 1013 2982 esset
1065 2917 1229 3000 ulla,
1295 2916 1722 2999 discessisset,
1775 2917 2098 3000 putabant
2150 2916 2315 2981 nihil

308 3003 418 3088 agi
448 3023 658 3087 posse.
722 3002 1034 3069 Homines
1071 3005 1352 3091 Regium
1388 3004 1907 3089 proficiscuntur3
1942 3003 2317 3088 Epicratem

306 3090 700 3157 conveniunt
737 3094 803 3155 et
839 3091 1307 3178 demonstrant,
1342 3092 1409 3158 id
1447 3091 1619 3176 quod
1654 3091 1765 3156 ille
1803 3091 2065 3175 sciebat,
2102 3113 2171 3157 se
2203 3091 2317 3159 HS

305 3198 499 3244 Lxxx
545 3179 824 3263 dedisse3
874 3184 1111 3265 rogant
1157 3203 1330 3264 eum,
1375 3184 1450 3245 ut
1497 3180 1622 3243 sibi
1667 3179 1760 3262 id,
1807 3178 1979 3263 quod
2025 3180 2108 3244 ab
2154 3180 2316 3265 ipsis

307 3268 554 3333 abisset
615 3267 950 3353 pecuniae,
1022 3273 1227 3352 curet,
1301 3269 1383 3333 ab
1449 3289 1587 3332 sese
1652 3270 1905 3345 caveat,
1979 3290 2169 3350 quem
2234 3269 2317 3334 ad

224 3372 279 3413 ⁸⁵
306 3356 570 3422 modum
596 3357 774 3440 velit,
814 3355 889 3421 de
926 3355 1045 3420 illa
1080 3356 1439 3421 hereditate
1477 3377 1623 3420 cum
1649 3354 1956 3439 Epicrate
1991 3357 2315 3423 neminem
2391 3351 2392 3354 ¹

306 3466 447 3509 esse
484 3449 797 3510 acturum.
868 3443 1208 3528 Epicrates
1242 3444 1539 3509 homines
1580 3443 1806 3509 multis
1851 3443 2067 3509 verbis
2114 3447 2196 3511 ab
2245 3468 2313 3511 se
2352 3465 2418 3514 56

307 3533 478 3597 male
529 3538 828 3619 acceptos
875 3532 1174 3614 dimittit3
1229 3532 1500 3598 redeunt
1543 3531 1645 3596 illi
1688 3531 1898 3619 Regio
1945 3530 2313 3617 SyracusaS,
