2566 4016
822 220 958 277 ΜΒ.
997 224 1023 278 1
1096 222 1247 278 CAP.
1286 228 1336 292 s,
1374 229 1409 279 ο
1445 228 1476 290 s
1513 230 1739 281 21-26.
2151 226 2279 292 149

261 368 480 435 subito
510 367 594 433 ad
623 365 938 435 iudicium
972 367 1370 451 retraxisset,
1404 389 1538 433 non
1572 369 1742 434 nulli
1776 368 2090 453 suspicati
2126 373 2281 437 sunt

256 478 390 522 non
429 456 570 522 sine
605 476 805 522 eausa
842 454 1025 520 illius
1069 455 1413 521 eonsilium
1459 459 1602 525 tam
1645 461 1911 543 repente
1956 453 2098 523 esse
2141 480 2280 525 mu·

256 548 584 697 mffune
618 652 701 697 ne
740 652 911 696 novo
958 632 1397 716 querimoniae
1444 652 1678 718 genere
1722 631 1823 698 uti
1864 632 2076 716 possit
2110 631 2276 697 Hor-
2313 604 2383 731 ἓ..

203 737 232 779 ε
259 720 510 785 tensius
547 723 615 785 et
651 740 730 785 ea
764 718 1002 784 dicem:
1046 720 1328 805 opprimi
1365 741 1567 805 reum,
1611 720 1689 785 de
1726 741 1854 805 quo
1889 720 2058 786 nihil
2103 720 2283 786 dieat

263 812 629 892 accusatum
680 806 849 872 nihil
904 828 1046 873 esse
1097 811 1237 873 tem
1286 808 1723 892 perieulosum
1764 808 2050 874 fortunis
2091 808 2280 874 inno·-

261 896 564 997 eentium,
609 917 804 981 quam
847 899 1063 961 tacere
1109 896 1540 998 adversarios3
1586 900 1654 961 et
1695 918 1779 962 ne
1825 897 2036 982 aliter,
2082 919 2280 981 quam

260 984 1590 1156 {ffissffisffiffissffimmffma
1618 1007 1785 1157 32?ss
1821 985 2013 1156 32⁰5ss
2028 1006 2281 1139 3²:325:

180 1179 235 1220 ιο
261 1162 566 1244 dicerem3
638 1161 793 1244 quia
853 1181 988 1225 non
1051 1160 1351 1244 dixerim,
1420 1161 1800 1246 perdidisse:
1864 1181 2114 1226 morem
2175 1161 2280 1226 illi

264 1271 517 1336 geram,
566 1252 719 1314 utar
762 1248 1058 1317 oratione
1101 1252 1442 1334 perpetua,
1489 1270 1623 1313 non
1668 1269 1796 1332 quo
1840 1248 1974 1313 iam
2016 1248 2144 1312 hoe
2188 1247 2280 1312 sit

262 1358 540 1421 neeesse,
583 1358 809 1403 verum
843 1341 921 1402 ut
956 1336 1271 1420 experiar,
1312 1340 1536 1402 utrum
1569 1336 1684 1401 ille
1722 1335 1895 1402 ferat
1936 1334 2276 1402 molestius

262 1447 367 1491 me
401 1428 557 1494 tune
589 1425 874 1495 tacuisse
911 1447 995 1490 an
1026 1446 1198 1490 nune
1235 1424 1464 1492 disere.
1531 1423 1660 1490 Hie
1702 1428 1777 1490 tu
1820 1423 2101 1489 fortasse
2148 1423 2275 1488 eris
2313 1435 2383 1486 25

263 1514 559 1600 diligens,
602 1536 686 1578 ne
722 1535 919 1597 quam
960 1534 1086 1600 ego
1127 1514 1359 1583 horam
1405 1513 1483 1578 de
1529 1512 1690 1578 meis
1737 1512 2052 1599 legitimis
2095 1512 2279 1578 horis

183 1618 237 1660 1⁵
262 1602 625 1685 remittam3
687 1601 815 1666 nisi
874 1601 1057 1667 omni
1107 1606 1428 1687 tempore,
1491 1601 1665 1685 quod
1717 1601 1881 1667 mihi
1930 1602 2081 1688 lege
2133 1622 2280 1666 eon-

262 1712 515 1757 cessum
550 1693 671 1774 est,
708 1690 947 1754 abusus
984 1710 1115 1773 ero,
1152 1711 1437 1774 querere,
1482 1690 1673 1755 deum
1710 1694 1906 1774 atque
1939 1689 2279 1755 hominum

261 1779 460 1842 fidem
501 1777 889 1862 implorabis
934 1777 1381 1843 circumveniri
1406 1776 1495 1843 IC.
1531 1776 1832 1860 Verrem,
1882 1777 2057 1859 quod
2100 1797 2279 1840 aceu-

267 1869 447 1929 sator
498 1866 668 1929 nolit
718 1870 857 1930 tam
908 1866 1044 1949 diu,
1100 1888 1297 1950 quam
1345 1865 1454 1929 diu
1498 1865 1720 1948 liceat,
1776 1864 2002 1929 dicere.
2093 1861 2281 1937 Quod

266 1952 430 2018 mihi
473 1953 579 2018 lex
622 1974 767 2019 mea
808 1975 1007 2020 eausa
1052 1953 1255 2037 dedit,
1311 1974 1387 2018 eo
1432 1952 1596 2021 mihi
1638 1973 1773 2018 non
1815 1951 1917 2017 uti
1957 1972 2093 2016 non
2134 1949 2281 2016 lice-

181 2057 239 2100 20
264 2041 409 2107 bit?
470 2063 626 2109 nam
682 2043 1026 2108 accusandi
1079 2042 1242 2107 mihi
1294 2045 1552 2124 tempus
1605 2061 1754 2105 mea
1806 2060 2003 2105 eausa
2056 2038 2280 2109 datum

264 2135 392 2214 est,
444 2135 523 2195 ut
572 2151 834 2216 possem
890 2129 1184 2197 oratione
1237 2151 1385 2196 mea
1428 2128 1702 2194 erimina
1745 2147 2133 2211 causamque
2177 2148 2282 2191 ex-

262 2219 523 2304 plieare.
596 2218 741 2285 Hoo
775 2219 834 2284 si
867 2240 1001 2286 non
1036 2221 1206 2303 utor,
1246 2239 1382 2287 non
1417 2216 1542 2282 tibi
1584 2215 1891 2281 iniuriam
1933 2214 2122 2298 facio,
2168 2214 2281 2279 sed

265 2308 341 2372 de
395 2329 541 2373 meo
593 2306 736 2372 iure
792 2307 1039 2391 aliquid
1093 2311 1160 2372 et
1214 2307 1557 2372 commodo
1600 2304 1892 2371 detraho.
1973 2301 2283 2370 ‘causan

266 2394 481 2480 enim’,
520 2394 755 2479 inquit,
801 2395 1128 2481 ‘cognosci
1165 2394 1466 2480 oportet?
1536 2392 1640 2460 Ea
1675 2414 1747 2459 re
1785 2392 2062 2477 quidem,
2108 2390 2281 2477 quod

181 2498 239 2543 π
267 2483 460 2548 aliter
494 2483 912 2548 condemnari
954 2505 1130 2567 reus,
1177 2483 1473 2566 quamvis
1519 2482 1609 2548 sit
1650 2502 1889 2547 nocens
1898 2532 1917 2565 ,
1958 2502 2094 2547 non
2136 2483 2283 2565 pot·

268 2575 387 2636 est.
448 2571 527 2636 Id
559 2571 770 2657 igitur
801 2575 876 2636 tu
918 2572 1193 2637 moleste
1236 2570 1473 2654 tulisti,
1519 2593 1559 2635 a
1595 2591 1698 2634 me
1744 2569 1991 2654 aliquid
2033 2569 2283 2634 factum

268 2680 438 2740 esse,
488 2681 615 2743 quo
661 2659 875 2725 minus
920 2660 1049 2724 iste
1093 2658 1512 2724 condemnari
1556 2658 1824 2741 posset?
1887 2679 2042 2722 nam
2086 2676 2284 2720 eausa

269 2746 535 2830 cognita
568 2751 846 2833 possunt
889 2749 1083 2813 multi
1128 2747 1402 2832 absolvi,
1446 2746 1780 2832 incognita
1827 2744 2086 2829 quidem
2129 2763 2284 2808 eon-

268 2833 560 2900 demnari
595 2858 787 2905 nemo
823 2840 1060 2921 potest.
1129 2835 1371 2901 Adimo
1408 2834 1580 2899 enim
1624 2831 2282 2918 comperendinatum.
2317 2841 2387 2894 26

183 2940 240 2983 so
267 2921 453 2999 Quod
511 2924 714 2990 habet
768 2925 873 2989 lex
925 2924 997 2990 in
1050 2945 1123 2990 se
1175 2922 1737 3005 molestissimum,
1799 2920 1903 2986 bis
1958 2921 2032 2984 ut
2086 2938 2283 2983 eausa

264 3010 546 3096 dieatur3
602 3012 776 3097 quod
832 3017 947 3079 aut
1001 3034 1146 3079 mea
1199 3033 1395 3078 eausa
1447 3009 1671 3096 potius
1706 3012 1809 3075 est
1851 3005 2282 3072 constitutum

264 3121 461 3183 quam
514 3104 631 3166 tua
677 3104 793 3166 aut
835 3100 1043 3166 nihilo
1088 3104 1205 3166 tua
1248 3099 1470 3186 potius
1519 3120 1716 3182 quam
1759 3116 1922 3162 mea.
2004 3091 2179 3185 Nam
2224 3092 2284 3157 si

260 3187 363 3252 bis
422 3188 636 3255 dicere
692 3193 795 3254 est
846 3189 1285 3272 commodum,
1339 3191 1513 3253 certe
1560 3186 1898 3268 utriusque
1943 3201 2285 3249 commune

261 3279 388 3360 est3
447 3277 506 3341 si
561 3298 739 3362 eum,
795 3278 908 3361 qui
960 3277 1286 3363 posterius
1344 3275 1533 3359 dixit,
1587 3294 1750 3360 opus
1807 3275 1909 3337 est
1960 3268 2287 3355 redargui,

177 3379 232 3422 ⁸5
261 3365 662 3431 aecusatoris
718 3387 937 3449 eausa,
999 3369 1075 3431 ut
1131 3365 1234 3430 bis
1291 3366 1622 3451 ageretur,
1684 3360 2113 3427 constitutum
2167 3360 2286 3424 est.

258 3450 536 3538 Verum,
594 3458 672 3519 ut
725 3454 983 3540 opinor,
1038 3453 1314 3520 Glaucia
1366 3451 1614 3538 primus
1667 3450 1851 3533 tulit,
1903 3452 1981 3514 ut
2033 3468 2285 3532 compe·

259 3541 719 3609 rendinaretur
777 3564 957 3627 reus3
1020 3547 1214 3608 antea
1270 3543 1378 3608 vel
1430 3540 1704 3607 iudicari
1754 3538 1968 3627 primo
2023 3537 2288 3624 poterat
