2566 4016
237 343 323 470 ἓξ

241 2228 308 2277 78

344 227 474 291 396
944 221 1022 277 IN
1061 221 1119 276 C.
1147 219 1456 275 VERREM
1491 219 1647 273 AOT.
1686 219 1751 273 11.

473 368 733 452 Videte,
798 369 1043 450 quanta
1104 365 1336 451 religio
1399 363 1614 429 fuerit.
1705 362 1899 447 Apud
1962 359 2367 447 Segestanos

341 460 671 542 repertum
708 477 867 538 esse,
901 453 1160 538 iudices,
1207 454 1439 518 scitote
1474 452 1798 518 neminem
1832 471 2042 535 neque
2077 449 2371 516 liberum

340 566 550 630 neque
614 565 870 611 servum
931 564 1140 626 neque
1203 541 1409 608 civem
1470 561 1677 624 neque
1739 539 2181 624 peregrinum,
2250 539 2370 622 qui

342 632 508 699 illud
581 632 839 718 signum
903 629 1169 695 auderet
1231 629 1584 715 attingere3
1656 627 1972 693 barbaros
2038 625 2369 711 quosdam

340 721 656 806 Lilybaeo
711 720 941 786 scitote
996 719 1308 784 adductos
1362 738 1503 781 esse
1558 715 1914 799 operarios3
1977 714 2025 779 ii
2082 713 2367 798 denique
2394 732 2424 774 ⁵

342 810 506 874 illud
558 807 774 892 ignari
825 806 1030 871 totius
1083 805 1334 891 negotii
1389 827 1464 871 ac
1518 803 1854 891 religionis
1908 801 2201 868 mercede
2262 824 2368 868 ac-

344 899 532 981 cepta
604 895 1024 961 sustulerunt.
1123 892 1310 970 Quod
1381 913 1526 957 cum
1598 913 1676 956 ex
1747 890 1984 976 oppido
2053 894 2368 974 exporta-

340 985 554 1067 batur,
593 1004 784 1066 quem
815 985 1202 1049 conventum
1238 980 1585 1047 mulierum
1619 979 1865 1045 factum
1904 1000 2044 1044 esse
2081 978 2373 1044 arbitra-

344 1072 520 1155 mini,
567 1093 759 1155 quem
794 1070 1020 1136 fletum
1066 1069 1387 1135 maiorum
1430 1068 1636 1133 natu?
1692 1069 1966 1152 quoru'm
2010 1087 2146 1132 non
2186 1067 2372 1133 nulli

344 1161 543 1230 etiam
583 1159 774 1225 illum
822 1158 992 1225 diem
1037 1158 1351 1224 memoria
1393 1157 1732 1239 tenebant,
1777 1177 1923 1220 cum
1967 1154 2085 1220 illa
2132 1155 2371 1221 eadem
2401 1174 2450 1215 ιο

341 1249 558 1317 Diana
595 1246 932 1336 Segestam
976 1245 1385 1332 Karthagine
1439 1249 1699 1310 revecta
1742 1243 2084 1308 victoriam
2128 1244 2374 1328 populi

342 1336 622 1402 Romani
685 1335 895 1400 reditu
953 1357 1068 1407 suo
1122 1334 1507 1399 nuntiasset.
1597 1330 1806 1406 Quam
1862 1329 2193 1396 dissimilis
2255 1332 2375 1398 hic

345 1424 480 1489 dies
542 1423 644 1487 illi
705 1422 986 1507 tempori
1044 1421 1407 1486 videbatur!
1500 1421 1667 1487 Tum
1718 1419 2077 1504 imperator
2129 1421 2376 1504 populi

343 1511 640 1591 Romani,
675 1511 777 1577 vir
813 1509 1230 1592 clarissimus,
1268 1509 1421 1573 deos
1458 1508 1709 1592 patrios
1744 1507 2126 1591 reportabat
2166 1506 2376 1594 Sege-

345 1598 550 1663 stanis
613 1619 692 1664 ex
753 1597 914 1662 urbe
952 1596 1265 1662 'hostium
1328 1599 1743 1681 recuperatos
1751 1646 1770 1679 ‚
1831 1617 2001 1662 nunc
2059 1617 2140 1660 ex
2196 1597 2374 1663 urbe
2402 1613 2447 1655 ιε

345 1686 667 1752 sociorum
729 1688 993 1769 praetor
1057 1684 1343 1750 eiusdem
1405 1685 1632 1769 populi
1685 1683 2102 1769 turpissimus
2160 1687 2376 1768 atque

342 1774 799 1860 inpurissimus
837 1772 1096 1839 eosdem
1132 1773 1287 1838 illos
1334 1773 1487 1838 deos
1533 1771 1782 1837 nefario
1830 1771 2069 1837 scelere
2115 1771 2378 1837 aufere-

342 1863 476 1928 bat.
558 1862 723 1938 Quid
778 1863 903 1927 hoc
955 1866 1101 1927 tota
1146 1858 1367 1927 Sicilia
1421 1864 1521 1926 est
1569 1860 1860 1943 elarius‚‘
1890 1881 2084 1943 quam
2132 1881 2375 1928 omnes

345 1949 654 2038 Segestae
699 1954 1033 2017 matronas
1080 1954 1146 2015 et
1190 1949 1477 2036 virgines
1523 1948 1916 2032 convenisse,
1960 1970 2105 2016 cum
2141 1947 2376 2016 Diana

345 2044 798 2125 exportaretur
839 2062 915 2105 ex
961 2039 1224 2123 oppido,
1269 2039 1530 2104 unxisse
1574 2037 1951 2123 unguentis,
1998 2038 2370 2122 complesse
2397 2055 2445 2096 ιο

345 2130 600 2194 coronis
657 2132 724 2193 et
772 2127 1068 2212 floribus,
1121 2131 1295 2209 ture,
1349 2125 1654 2192 odoribus
1698 2125 1978 2190 incensis
2023 2147 2232 2209 usque
2280 2127 2374 2192 ad

347 2216 490 2301 agri
515 2216 678 2287 fines
705 2220 1084 2300 prosecutas
1112 2216 1298 2279 esse?
1361 2213 1549 2280 Hane
1575 2217 1650 2277 tu
1680 2216 1935 2278 tantam
1972 2213 2372 2299 religionem

347 2305 404 2368 si
430 2308 571 2368 tum
607 2302 678 2367 in
712 2302 986 2385 imperio
1023 2306 1293 2387 propter
1328 2302 1749 2388 cupiditatem
1785 2304 1982 2385 atque
2019 2301 2372 2369 audaciam

343 2412 477 2456 non
511 2389 1034 2473 pertimescebas,
1076 2411 1158 2455 ne
1193 2412 1365 2457 nunc
1404 2389 1661 2474 quidem
1698 2391 1768 2454 in
1802 2392 1990 2455 tanto
2023 2392 2153 2454 tuo
2198 2390 2371 2455 libe-

342 2498 690 2560 rorumque
742 2480 1008 2542 tuorum
1059 2478 1348 2561 periculo
1402 2477 1884 2562 perhorrescis?
1973 2476 2181 2553 Quem
2237 2479 2372 2544 tibi
2397 2493 2444 2535 ἢ

346 2567 461 2631 aut
495 2564 825 2631 hominem
864 2565 1088 2631 invitis
1136 2566 1232 2630 dis
1278 2566 1758 2631 immortalibus
1806 2570 1923 2631 aut
1964 2587 2116 2631 vero
2166 2566 2371 2632 deum

343 2653 550 2719 tantis
587 2674 810 2720 eorum
847 2654 1273 2741 religionibus
1311 2654 1575 2719 violatis
1618 2653 1858 2719 auxilio
1904 2653 2200 2720 futurum
2249 2677 2373 2740 pu·

344 2741 495 2807 tas?
568 2741 719 2807 Tibi
754 2742 873 2806 illa
907 2741 1122 2807 Diana
1155 2742 1227 2807 in
1262 2764 1421 2827 pace
1458 2746 1656 2827 atque
1690 2742 1759 2806 in
1795 2742 1932 2807 otio
1969 2742 2372 2828 religionem

343 2830 595 2896 nullam
667 2831 938 2896 attulit?
1012 2852 1176 2915 quae
1248 2852 1394 2896 cum
1463 2831 1622 2896 duas
1690 2830 1910 2913 urbes,
1979 2830 2050 2894 in
2118 2831 2369 2915 quibus

346 2919 562 2985 locata
597 2917 835 3003 fuerat,
875 2921 1101 3003 captas
1136 2918 1562 3003 incensasque
1596 2917 1886 3000 vidisset,
1929 2918 2032 2984 bis
2080 2940 2161 2983 ex
2205 2919 2368 2985 duo-
2394 2936 2446 2976 ω

344 3028 491 3073 rum
562 3006 885 3073 bellorum
956 3006 1222 3074 flamma
1292 3006 1593 3090 ferroque
1666 3010 1928 3072 servata
1991 3010 2118 3090 est3
2193 3028 2370 3091 quae

344 3092 992 3180 Karthaginiensium
1073 3094 1349 3161 victoria
1429 3096 1573 3160 loco
1645 3097 1898 3160 mutato
1971 3094 2370 3180 religionem

345 3185 566 3246 tamen
599 3203 732 3247 non
769 3182 1007 3266 amisit,
1040 3182 1110 3246 P.
1130 3182 1426 3248 Africani
1460 3182 1703 3248 virtute
1740 3183 2121 3267 religionem
2161 3183 2371 3251 simul

344 3288 491 3333 cum
544 3269 686 3334 loco
742 3272 1163 3355 recuperavit.
1255 3270 1396 3347 Quo
1452 3270 1710 3353 quidem
1765 3271 2002 3337 scelere
2052 3277 2371 3357 suscepto

345 3372 490 3449 cum
553 3355 766 3421 inanis
821 3362 995 3423 esset
1046 3358 1226 3423 basis
1282 3362 1349 3422 et
1400 3358 1471 3423 in
1526 3379 1603 3423 ea
1654 3358 1725 3422 P.
1772 3358 2066 3424 Africani
2116 3381 2371 3425 nomen
2397 3374 2446 3416 ³⁵
2507 3357 2508 3446 l

344 3438 636 3523 incisum,
673 3464 776 3507 res
804 3444 1074 3530 indigna
1102 3450 1297 3529 atque
1328 3446 1739 3512 intoleranda
1775 3446 2116 3512 videbatur
2156 3449 2370 3513 omni·

344 3518 487 3600 bus,
530 3544 662 3587 non
698 3530 910 3594 solum
956 3532 1307 3617 religiones
1355 3555 1495 3598 esse
1542 3533 1839 3619 violataS,
1884 3556 2108 3600 verum
2157 3535 2370 3601 etiam
