2566 4016
699 216 832 271 ΜΒ.
862 217 913 271 V
979 214 1129 271 CAP.
1168 221 1379 270 45-47
1417 221 1447 282 g
1488 221 1782 272 118—123.
2127 213 2257 278 473

383 359 631 436 Quibus
692 358 992 424 omnibus
1045 359 1238 423 rebus
1296 359 1459 423 actis
1511 361 1704 443 atque
1752 358 1980 423 decisis
2026 359 2259 442 produ-

250 452 483 514 cuntur
525 469 559 512 e
595 469 866 530 carcere,
913 447 1301 532 deligantur.
1373 444 1530 521 Quis
1567 450 1706 511 tam
1741 445 1869 510 fuit
1903 446 2020 510 illo
2066 449 2224 511 tem·
2264 417 2366 543 ἐς)

250 557 407 621 pore
459 535 734 618 ferreus,
791 535 933 619 quis
988 537 1127 599 tam
1180 534 1570 599 inhumanus
1625 537 1884 618 praeter
1932 554 2131 606 unum
2174 538 2261 617 te,

253 625 363 708 qui
424 644 556 688 non
608 623 873 687 illorum
930 626 1170 706 aetate,
1230 622 1605 706 nobilitate,
1668 622 1930 687 miseria
1984 642 2261 686 commo·

195 729 224 771 ε
253 711 553 776 veretur?
600 711 817 796 ecquis
854 710 999 794 fuit,
1036 711 1192 794 quin
1227 710 1637 795 lacrumaret,
1676 711 1832 795 quin
1866 711 1964 775 ita
1999 708 2263 774 calami-

251 803 457 864 tatem
502 799 688 864 illam
732 802 996 883 putaret
1038 799 1330 883 illorum,
1373 803 1449 862 ut
1491 799 1821 864 fortunam
1865 802 2089 862 tamen
2131 818 2265 861 non

252 888 557 971 alienam,
638 887 998 971 periculum
1079 891 1299 952 autem
1380 908 1717 951 commune
1791 885 2262 952 arbitraretur?

250 975 597 1040 Feriuntur
651 975 875 1039 securi.
964 974 1260 1039 Laetaris
1315 977 1390 1038 tu
1442 975 1514 1038 in
1568 975 1856 1040 omnium
1905 975 2153 1060 gemitu
2198 977 2266 1037 et

251 1062 649 1145 triumphas3
691 1065 895 1126 testes
932 1062 1244 1126 avaritiae
1281 1065 1433 1126 tuae
1475 1056 1716 1147 gaudes
1765 1084 1905 1126 esse
1951 1061 2264 1136 sublatos.

174 1168 226 1209 10
251 1149 568 1232 Errabas‚
639 1147 902 1231 Verres,
985 1153 1052 1212 et
1126 1148 1543 1213 vehementer
1614 1150 1904 1233 errabas,
1980 1172 2126 1214 cum
2197 1152 2264 1212 te

253 1236 544 1302 maculas
570 1235 895 1300 furtorum
925 1239 992 1299 et
1017 1236 1418 1321 flagitiorum
1447 1241 1707 1302 tuorum
1737 1237 2061 1302 sociorum
2086 1237 2267 1301 inno-

252 1325 536 1390 centium
567 1323 881 1424 sanguine
918 1322 1131 1388 eluere
1168 1323 1601 1409 arbitrabare3
1635 1346 1943 1409 praeceps
1981 1324 2266 1390 amentia

251 1413 562 1494 ferebare,
609 1412 721 1494 qui
756 1414 823 1476 te
870 1411 1275 1476 existimares
1321 1413 1635 1478 avaritiae
1679 1414 1948 1478 volnera
1993 1412 2263 1479 crudeli-

251 1500 413 1565 tatis
467 1499 767 1564 remediis
824 1520 1015 1582 posse
1072 1521 1317 1565 sanare.
1406 1500 1672 1566 Etenim
1728 1522 2118 1587 quamquam
2164 1500 2267 1564 illi

173 1605 225 1648 1⁵
255 1592 406 1653 sunt
451 1587 693 1652 mortui
737 1588 999 1652 sceleris
1044 1588 1142 1652 tui
1187 1592 1419 1672 testes,
1471 1592 1694 1653 tamen
1738 1611 1961 1655 eorum
2006 1589 2266 1674 propin-

254 1676 364 1760 qui
408 1697 616 1759 neque
661 1675 786 1739 tibi
830 1696 1038 1759 neque
1083 1676 1218 1740 illis
1265 1639 1522 1758 desunt,
1568 1682 1790 1741 tamen
1835 1699 1913 1740 ex
1955 1677 2100 1759 ipso
2147 1677 2264 1740 illo

250 1783 518 1827 numero
573 1763 1048 1828 nauarchorum
1104 1763 1308 1847 aliqui
1361 1764 1590 1827 vivont
1646 1767 1711 1827 et
1768 1763 2030 1846 adsunt,
2083 1784 2266 1847 quos,

251 1854 326 1914 ut
354 1849 517 1913 mihi
542 1849 815 1932 videtur,
854 1849 935 1913 ad
961 1850 1226 1914 illorum
1253 1850 1695 1915 innocentium
1723 1871 1966 1934 poenas
2002 1850 2267 1915 fortuna

253 1941 320 2002 et
384 1936 468 2001 ad
528 1936 696 2001 hanc
759 1957 1020 2001 causam
1088 1938 1461 2002 reservavit.
1560 1937 1768 2003 Adest
1828 1937 2230 2023 Phylarchus
2270 1950 2370 1999 122

172 2045 225 2086 20
253 2025 680 2109 Haluntinus,
746 2025 857 2108 qui
912 2025 1065 2108 quia
1120 2047 1264 2091 cum
1322 2024 1667 2091 Cleomene
1718 2047 1852 2091 non
1904 2026 2103 2112 fugit,
2159 2048 2267 2111 op—

251 2135 514 2199 pressus
580 2136 621 2177 a
681 2111 1116 2214 praedonibus
1176 2117 1243 2177 et
1296 2117 1525 2198 captus
1580 2118 1707 2199 est3
1768 2114 1872 2179 cui
1926 2115 2266 2181 calamitas

255 2201 454 2266 saluti
506 2200 661 2284 fuit3
716 2200 826 2284 qui
878 2200 1005 2264 nisi
1059 2205 1288 2285 captus
1345 2225 1385 2266 a
1436 2202 1669 2286 piratis
1725 2206 1922 2284 esset,
1975 2203 2044 2266 in
2097 2203 2268 2268 hunc

253 2289 644 2375 praedonem
673 2288 995 2353 sociorum
1022 2289 1370 2354 incidisset.
1434 2289 1657 2355 Dicit
1638 2312 1696 2355 ιε
1732 2312 1852 2375 pro
1891 2290 2266 2356 testimonio

255 2378 333 2441 de
386 2377 693 2442 missione
748 2380 1123 2460 nautarum,
1179 2376 1256 2441 de
1301 2377 1502 2463 fame,
1558 2377 1634 2443 de
1681 2376 2045 2444 Cleomenis
2090 2379 2266 2464 fuga.

170 2483 226 2525 85
254 2465 462 2531 Adest
506 2463 968 2549 Centuripinus
1013 2463 1370 2531 Phalacrus
1422 2467 1494 2530 in
1547 2467 1953 2552 amplissima
2002 2467 2267 2533 civitate
2366 2497 2367 2500 ¹

254 2553 659 2638 amplissimo
710 2553 853 2618 loco
898 2556 1122 2638 natus3
1177 2554 1401 2619 eadem
1448 2554 1632 2639 dicit,
1684 2556 1870 2620 nulla
1913 2556 1981 2619 in
2026 2576 2096 2620 re
2144 2555 2267 2620 dis-

253 2662 359 2705 cre
408 2646 493 2705 at.

361 2664 513 2790 pPei·
557 2727 709 2792 deos
753 2728 1175 2816 immortalis!
1221 2751 1349 2812 quo
1399 2729 1664 2794 tandem
1710 2730 1928 2795 animo
1976 2730 2232 2813 sedetis,
2269 2748 2373 2799 123

253 2812 521 2897 iudices,
575 2817 690 2878 aut
741 2812 902 2879 haec
956 2811 1149 2918 quem
1205 2816 1288 2880 ad
1343 2817 1605 2880 modum
1662 2817 1943 2881 auditis?
2029 2815 2268 2882 Utrum

172 2921 228 2962 so
256 2921 378 2987 ego
417 2900 663 2984 desipio
701 2904 769 2964 et
804 2902 969 2985 plus,
1015 2909 1212 2985 quam
1257 2902 1422 2966 satis
1469 2907 1587 2985 est,
1635 2902 1821 2967 doleo
1867 2907 2056 2969 tanta
2101 2906 2268 2970 cala-

253 2989 485 3054 mitate
531 2988 918 3072 miseriaque
964 2989 1304 3072 sociorum,
1350 3011 1435 3053 an
1479 3011 1596 3054 vos
1644 3012 1896 3075 quoque
1940 2992 2047 3057 hic
2093 3014 2268 3058 acer-

255 3078 582 3141 bissumus
618 3076 1057 3141 innocentium
1104 3077 1424 3143 cruciatus
1471 3081 1539 3142 et
1583 3100 1838 3144 maeror
1882 3080 2028 3163 pari
2073 3102 2266 3146 sensu

255 3165 498 3231 doloris
565 3164 827 3229 adficit?
925 3163 1070 3249 Ego
1136 3165 1306 3229 enim
1371 3185 1514 3230 cum
1574 3165 2056 3252 Herbitensem,
2121 3189 2267 3234 cum

252 3253 736 3319 Heracliensem
812 3253 1019 3318 securi
1086 3274 1460 3338 percussum
1527 3275 1667 3319 esse
1730 3255 1899 3340 dico,
1971 3260 2266 3322 versatur

171 3359 227 3402 ⁸5
254 3342 415 3406 mihi
453 3345 605 3407 ante
643 3341 863 3406 oculos
901 3340 1255 3426 indignitas
1294 3341 1703 3409 calamitatis.
1775 3343 2105 3410 Eorumne
2148 3367 2264 3430 po·
2283 3357 2367 3421 47

251 3431 555 3513 palorum
616 3429 801 3514 civis,
865 3450 1089 3493 eorum
1144 3449 1450 3531 agrorum
1507 3430 1832 3516 alumnOS,
1898 3440 1975 3496 ex
2030 3433 2262 3517 quibus

254 3517 537 3581 maxima
589 3518 688 3582 vis
741 3516 1054 3582 frumenti
1109 3517 1456 3603 quotannis
1511 3519 1690 3603 plebi
1733 3519 2067 3586 Romanae
2121 3522 2265 3586 illo-
