2566 4016
331 203 463 271 324
932 199 1011 254 IN
1047 200 1105 256 C.
1132 197 1445 253 VERREM
1481 196 1640 254 ACT.
1679 196 1746 251 11.

331 350 493 415 haec
530 345 793 413 omnia?
868 344 1079 420 Quid?
1127 366 1273 408 cum
1307 342 1532 427 palam
1570 339 1905 424 Syracusis
1941 342 2009 404 te
2046 338 2349 405 audiente

332 436 616 502 maximo
671 436 993 500 conventu
1036 430 1107 496 L.
1144 430 1430 496 Rubrius
1477 428 1549 505 Q.
1586 428 1950 513 Apronium
2000 428 2350 515 sponsione

332 523 690 606 lacessivit,
724 523 789 590 N
794 541 820 586 1
863 522 1227 585 Arnonms
1280 534 1707 583 mc‘rrranm
1762 533 1852 580 'm
1908 532 2045 582 sun
2099 533 2176 580 m
2229 533 2351 581 nn-

335 630 540 680 cmus
592 627 757 676 assu
813 625 1096 693 socmu,
1150 607 1314 672 haec
1368 610 1435 670 te
1488 626 1615 670 vox
1666 624 1801 669 non
1851 604 2156 689 perculit,
2217 625 2351 669 non

333 699 759 787 perturbavit,
795 718 946 780 non,
990 700 1066 762 ut
1101 695 1304 781 capiti
1340 698 1406 758 et
1440 693 1722 758 fortunis
1755 691 1890 756 tuis
1926 692 2351 777 prospiceres,
2377 708 2405 749 ⁵

336 787 686 854 excitavit?
786 784 1106 868 Tacuisti,
1168 782 1415 848 sedasti
1479 782 1681 846 etiam
1743 780 1883 846 litis
1945 780 2212 845 illorum
2267 785 2352 863 et,

229 883 314 947 58
337 875 601 962 sponsio
654 873 775 937 illa
818 893 902 937 ne
944 873 1158 956 fieret,
1212 870 1548 937 laborasti.
1630 869 1759 933 Pro
1805 867 1873 932 di
1916 867 2353 934 immortales!

334 966 459 1029 hoc
496 966 612 1027 aut
645 962 953 1027 innocens
990 960 1187 1025 homo
1222 958 1480 1044 perpeti
1522 957 1848 1042 potuisset
1893 960 2008 1023 aut
2052 957 2353 1041 quamvis

333 1072 600 1135 nocenS,
664 1050 776 1134 qui
828 1048 1020 1114 modo
1073 1047 1313 1112 iudicia
1364 1045 1612 1112 Romae
1665 1044 1807 1110 fore
1869 1048 2157 1129 putaret,
2218 1066 2357 1109 non

337 1140 560 1224 aliqua
622 1137 1040 1203 simulatione
1092 1133 1563 1202 existimationi
1617 1153 1685 1198 se
1739 1132 2078 1198 hominum
2131 1132 2355 1199 vendi·
2385 1151 2438 1191 ιο

234 1241 334 1290 133
369 1226 623 1293 tasset‘?
676 1225 847 1302 Quid
873 1229 974 1291 est
999 1224 1168 1290 hoc?
1204 1223 1471 1309 sponsio
1498 1222 1576 1286 fit
1602 1221 1680 1286 de
1708 1221 1921 1306 capite
1958 1242 2033 1287 ac
2066 1219 2354 1286 fortunis

335 1317 487 1399 tuis,
531 1320 606 1380 tu
644 1314 828 1379 sedes
865 1317 931 1378 et
977 1313 1272 1397 quiescis,
1319 1332 1451 1376 non
1494 1309 1920 1395 persequeris,
1962 1330 2096 1374 non
2138 1330 2355 1393 perse-

334 1425 542 1485 veras,
567 1423 701 1466 non
726 1401 1069 1484 perquiris,
1100 1401 1205 1465 cui
1233 1398 1469 1463 dixerit
1486 1397 1835 1482 AproniuS,
1872 1397 2017 1481 quis
2056 1397 2355 1480 audierit,

335 1491 504 1555 unde
548 1489 674 1553 hoc
717 1492 974 1571 natum,
1018 1508 1211 1571 quem
1259 1486 1342 1551 ad
1386 1485 1650 1551 modum
1695 1485 2027 1570 prolatum
2074 1485 2204 1550 sit?
2283 1483 2357 1551 Si

335 1577 461 1643 tibi
499 1576 736 1660 aliquis
775 1574 858 1640 ad
894 1596 1115 1639 aurem
1153 1574 1532 1641 accessisset
1578 1579 1645 1639 et
1690 1573 1959 1639 dixisset
1986 1573 2355 1659 Apronium
2388 1591 2437 1632 ιε

337 1664 637 1730 dictitare
688 1668 755 1729 te
803 1662 930 1729 sibi
976 1683 1119 1728 esse
1164 1663 1438 1745 socium,
1492 1661 1886 1728 commoveri
1928 1664 2000 1733 te
2041 1662 2357 1747 oportuit,

337 1774 605 1821 evocare
650 1752 1040 1837 Apronium,
1102 1772 1219 1816 nec
1271 1750 1464 1815 illum
1518 1754 1669 1815 ante
1723 1749 1847 1813 tibi
1905 1749 2068 1814 satis
2122 1749 2356 1834 facere,

337 1864 531 1927 quam
558 1845 636 1905 tu
663 1840 952 1906 omnium
985 1839 1451 1905 existimationi
1488 1838 1651 1903 satis
1685 1837 1977 1920 fecisses3
2014 1858 2160 1904 cum
2195 1859 2356 1903 vero

335 1930 406 1995 in
465 1930 610 1996 foro
676 1928 1095 1994 celeberrimo
1157 1932 1349 1993 tanta
1407 1925 1775 2011 frequentia
1835 1925 1961 1992 hoc
2016 1926 2216 1992 verbo
2280 1947 2357 1993 ac

338 2019 755 2084 simulatione
790 2017 1111 2102 Apronio,
1165 2038 1236 2081 re
1281 2037 1439 2082 vera
1482 2015 1606 2079 tibi
1651 2014 1978 2080 obiectum
2024 2019 2223 2099 esset,
2279 2020 2355 2081 tu
2383 2033 2436 2074 20

336 2129 646 2191 umquam
708 2110 964 2171 tantam
1025 2106 1295 2191 plagam
1358 2103 1597 2168 tacitus
1662 2103 1949 2187 accipere
2007 2103 2357 2188 potuisses,

336 2195 465 2258 nisi
508 2196 633 2259 hoc
676 2193 775 2257 ita
818 2193 1190 2276 statuisses,
1238 2193 1309 2256 in
1351 2212 1422 2255 re
1468 2195 1606 2256 tam
1653 2191 2002 2257 manifesta
2046 2192 2357 2275 quicquid

234 2294 336 2344 134
356 2282 647 2364 dixisses,
670 2285 741 2344 te
762 2280 1047 2344 deterius
1070 2301 1210 2343 esse
1236 2279 1607 2344 facturum?
1641 2277 2051 2364 Quaestores,
2077 2280 2356 2366 legatOS,

335 2368 719 2454 praefectos,
764 2367 1061 2432 tribunos
1109 2389 1259 2431 suos
1307 2367 1500 2431 multi
1544 2367 1780 2432 missos
1823 2366 2116 2433 fecerunt
2163 2372 2231 2433 et
2278 2368 2357 2434 de
2525 2447 2526 2452 γ

334 2455 669 2541 provincia
724 2453 1026 2519 decedere
1078 2455 1433 2540 iusserunt,
1489 2454 1661 2540 quod
1715 2454 1980 2520 illorum
2033 2456 2227 2542 culpa
2285 2477 2355 2522 se
2382 2471 2430 2513 ²⁵

337 2544 550 2608 minus
583 2543 921 2608 commode
957 2543 1179 2608 audire
1216 2543 1691 2609 arbitrarentur
1727 2547 1841 2608 aut
1879 2543 2051 2628 quod
2084 2565 2354 2629 peccare

334 2632 515 2715 ipsos
552 2631 772 2715 aliqua
814 2631 885 2695 in
928 2653 999 2696 re
1042 2632 1429 2716 iudicarent3
1472 2636 1549 2696 tu
1585 2631 1975 2716 Apronium,
2003 2632 2356 2698 „hominem

335 2720 444 2786 vix
480 2720 775 2804 liberum,
810 2721 1343 2804 contaminatum,
1389 2719 1729 2805 perditum,
1774 2720 2194 2806 flagitiosum,
2243 2721 2358 2805 qui

335 2831 469 2874 non
510 2807 703 2874 modo
749 2807 1036 2874 animum
1080 2809 1429 2895 integrum,
1476 2807 1590 2873 sed
1630 2829 1715 2872 ne
1760 2810 2045 2875 animam
2091 2809 2357 2892 quidem

335 2919 569 2983 puram
622 2918 1004 2963 conservare
1056 2898 1406 2983 potuisset,
1460 2917 1607 2961 eum
1660 2895 1730 2961 in
1774 2900 1962 2962 tanto
2006 2900 2123 2962 tuo
2171 2896 2360 2962 dede-
2383 2911 2430 2954 ω

335 3007 484 3051 core
510 2984 802 3071 profecto
830 3007 958 3052 non
981 3006 1063 3050 ne
1088 2987 1288 3051 verbo
1319 2984 1575 3069 quidem
1603 2984 1905 3086 graviore
1932 2985 2358 3070 appellasses,

336 3094 573 3226 3ti
606 3074 901 3245 Ἐῖἳιῑέθ
930 3072 2360 3247 ξέἔωῗὲἒῗῖθξῖῗξῖἰρέΟἶῖἓῇἰθὲίῖὶῖὲ

1741 3212 1758 3245 7

336 3251 561 3313 notam
608 3270 749 3314 esse
795 3250 1095 3316 omnibus
1143 3254 1210 3315 et
1253 3254 1394 3315 tam
1440 3249 1854 3315 manifestam
1895 3249 2166 3316 videres.

235 3341 337 3390 135
471 3333 636 3401 Cum
692 3336 916 3404 eodem
961 3339 1254 3424 Apronio
1311 3343 1540 3424 postea
1593 3336 1662 3402 P.
1710 3337 2099 3422 Scandilius,
2158 3360 2360 3424 eques
2385 3351 2432 3394 ⁸⁵
2520 3319 2522 3440 {

339 3416 686 3505 RomanuS,
723 3446 916 3509 quem
951 3448 1069 3492 vos
1107 3448 1331 3492 omnes
1366 3427 1594 3510 nostis,
1630 3427 1897 3493 eandem
1936 3426 2363 3512 sponsionem

342 3500 418 3563 de
464 3507 771 3574 societate
816 3512 989 3597 fecit,
1035 3537 1230 3599 quam
1270 3516 1555 3582 Rubrius
1600 3520 1811 3583 facere
1854 3515 2170 3582 voluerat.
2256 3515 2366 3581 In-
