2566 4016
700 246 837 302 LIB.
874 248 955 303 111
1010 247 1163 301 CAP.
1195 253 1280 314 62,
1320 252 1387 303 63
1424 253 1455 314 ξ
1496 254 1790 304 143—148.
2127 250 2257 316 329

239 391 696 477 responderi
757 391 957 455 nihil
1020 391 1301 475 possit,
1362 390 1728 457 vicimus?
1818 391 1995 458 Bene
2060 395 2223 481 agis,
2263 409 2363 458 146

240 484 445 564 Alba3
473 481 556 545 ad
581 484 765 545 tuam
791 479 1049 544 veniam
1077 479 1533 545 condicionem.
1606 477 1792 544 Nihil
1819 485 2015 566 putas
2041 483 2260 549 valere

238 572 308 635 in
352 568 607 635 iudiciis
653 567 1114 652 coniecturam,
1167 567 1333 632 nihil
1381 567 1839 652 suspicionem,
1892 569 2061 635 nihil
2108 575 2259 636 ante

162 704 165 705 ν
239 662 427 725 actae
492 657 665 721 vitae
730 655 1304 739 existimationem,
1365 655 1532 719 nihil
1594 656 1883 722 virorum
1936 657 2259 723 bonorum

186 764 214 806 5
240 744 643 828 testimonia,
709 743 877 808 nihil
941 743 1282 808 civitatum
1347 743 1770 809 auctoritates
1837 768 1911 810 ac
1974 746 2259 830 litteras3

237 855 341 900 res
373 832 754 898 manifestas
792 831 1066 916 quaeris.
1137 828 1291 896 Non
1327 852 1568 914 quaero
1608 832 1851 898 iudices
1889 832 2259 919 Cassianos,

237 927 527 988 veterem
570 920 954 986 iudiciorum
1000 919 1417 984 severitatem
1461 941 1593 984 non
1637 921 1925 1005 requiro,
1971 925 2261 987 vestram

239 1011 310 1075 in
353 1011 480 1075 hac
523 1030 596 1073 re
640 1009 862 1090 fidem,
912 1007 1328 1092 dignitatem,
1374 1007 1758 1093 religionem
1801 1009 1871 1073 in
1914 1010 2260 1075 iudicando

237 1119 374 1164 non
415 1096 728 1181 imploro;
771 1095 1016 1160 Albam
1052 1095 1317 1160 ’habebo
1364 1095 1665 1181 iudicem,
1716 1118 1863 1161 eum
1908 1097 2260 1181 hominem,

162 1204 215 1243 ιο
244 1187 357 1270 qui
412 1206 481 1248 se
533 1184 675 1268 ipse
730 1204 1019 1248 scurram
1071 1183 1627 1268 improbissimum
1685 1185 2046 1250 existimari
2100 1187 2261 1269 vult,

245 1273 412 1356 [qui]
468 1293 510 1335 a
565 1270 802 1336 scurris
857 1290 1110 1354 semper
1153 1271 1377 1355 potius
1424 1271 1751 1356 gladiator
1797 1295 1992 1357 quam
2039 1290 2263 1338 scurra

246 1359 788 1513 253212322233?
828 1358 1290 1511 Ξῗξῗέᾛᾞ
1321 1359 1795 1514 ’3ὲῖἕωῖἕέὲὲ
1824 1361 2262 1515 3ξέἶωίῗόἕὲ

244 1539 579 1601 aratorum
625 1537 848 1619 aperte
893 1535 1242 1619 palamque
1291 1556 1431 1600 esse
1476 1536 1878 1621 praedatum.

2280 1587 2365 1651 63

164 1640 215 1682 ιε
374 1623 695 1689 Decumas
739 1623 884 1709 agri
919 1622 1223 1687 Leontini
1259 1645 1501 1708 magno
1540 1624 1699 1690 dicis
1737 1629 1802 1690 te
1839 1625 2223 1690 vendidisse.
2265 1664 2365 1713 14⁷

243 1712 513 1778 Ostendi
574 1712 708 1776 iam
769 1711 935 1775 illud
998 1711 1216 1793 initio,
1278 1730 1414 1776 non
1467 1712 1966 1778 existimandum
2019 1735 2258 1798 magno

242 1799 604 1864 vendidisse
659 1821 831 1882 eum,
887 1798 1000 1882 qui
1042 1800 1242 1864 verbo
1292 1799 1593 1864 decumas
1638 1800 2024 1883 vendiderit,
2079 1822 2149 1865 re
2196 1803 2262 1864 et

245 1887 616 1952 condicione
666 1891 733 1952 et
776 1888 923 1972 lege
968 1890 1037 1950 et
1081 1886 1292 1952 edicto
1339 1890 1405 1951 et
1452 1887 1715 1952 licentia
1761 1888 2261 1952 decumanorum

140 2012 145 2015 ·
246 1975 545 2041 decumas
616 1975 988 2041 aratoribus
1059 1974 1276 2040 nullas
1348 1973 1634 2059 reliquas
1696 1974 1941 2040 fecerit.
2039 1975 2262 2041 Etiam

159 2080 216 2123 so
243 2064 409 2128 illud
472 2064 754 2148 ostendi,
814 2063 1181 2149 vendidisse
1242 2062 1407 2127 alios
1463 2084 1705 2149 magno
1760 2064 2061 2129 decumas
2118 2065 2263 2150 agri

241 2152 546 2217 Leontini
571 2156 1060 2235 ceterorumque
1089 2172 1416 2237 agrorum,
1454 2155 1521 2216 et
1557 2151 1703 2237 lege
1729 2151 2078 2218 Hieronica
2114 2174 2262 2218 ven·

244 2239 483 2304 didisse
538 2243 605 2304 et
655 2240 864 2324 pluris
912 2240 1111 2305 etiam
1159 2261 1354 2324 quam
1400 2243 1468 2304 te
1503 2239 1903 2325 ⁴vendidisse,
1957 2261 2076 2306 nec
2123 2263 2262 2306 ara·

243 2331 454 2391 torem
500 2348 890 2411 quemquam
937 2350 1078 2393 esse
1124 2332 1454 2413 questum3
1507 2349 1626 2395 nec
1671 2329 1844 2396 enim
1887 2329 2042 2413 fuit,
2088 2330 2263 2414 quod

246 2414 590 2499 quisquam
645 2414 828 2499 queri
880 2420 1132 2501 posset,
1187 2439 1333 2482 cum
1387 2418 1533 2503 lege
1585 2418 1971 2501 aequissime
2018 2419 2263 2503 scripta

156 2520 215 2562 2⁵
242 2502 613 2588 venderent,
637 2525 847 2588 neque
869 2504 1031 2569 illud
1054 2526 1363 2589 umquam
1389 2506 1666 2570 aratoris
1691 2506 2005 2591 interfuit,
2034 2507 2262 2591 quanti

244 2592 546 2657 decumae
599 2592 912 2657 venirent.
1001 2590 1155 2657 Non
1210 2593 1383 2657 enim
1436 2594 1530 2658 ita
1580 2597 1707 2678 est,
1760 2598 1861 2678 ut,
1916 2594 1974 2658 si
2019 2616 2260 2679 magno

241 2678 589 2762 venierint,
653 2679 802 2763 plus
868 2683 1090 2745 arator
1154 2680 1414 2764 debeat,
1477 2681 1534 2745 si
1587 2703 1819 2765 parvo,
1883 2682 2124 2763 minus3
2185 2685 2262 2745 ut

242 2764 570 2829 frumenta
629 2770 790 2830 nata
849 2772 1031 2851 sunt,
1091 2767 1190 2832 ita
1251 2768 1557 2833 decumae
1609 2772 1917 2851 veneunt3
1980 2768 2260 2833 aratoris

245 2855 464 2917 autem
518 2852 791 2917 interest
843 2854 941 2918 ita
995 2875 1064 2920 se
1117 2856 1447 2920 frumenta
1498 2855 1765 2939 habere,
1808 2859 1902 2941 =ut
1957 2855 2261 2920 decumae

154 2960 214 3002 ao
244 2959 440 3025 quam
503 2939 785 3024 plurimo
848 2944 1068 3006 venire
1131 2943 1416 3026 possint3
1480 2942 1632 3007 dum
1691 2947 1914 3008 arator
1970 2964 2053 3007 ne
2110 2943 2260 3026 plus

243 3029 582 3096 decumam
607 3027 733 3111 det,
763 3030 1020 3113 expedit
1049 3030 1109 3094 ei
1136 3029 1471 3097 decumam
1499 3051 1641 3095 esse
1669 3053 1865 3114 quam
1892 3030 2259 3095 maximam.

242 3117 510 3200 Verum,
543 3119 619 3180 ut
646 3115 896 3199 opinor,
932 3117 1056 3182 hoc
1084 3139 1225 3182 esse
1250 3118 1353 3183 vis
1391 3121 1587 3203 caput
1625 3118 2015 3184 defensionis
2052 3121 2223 3201 tuae,
2264 3130 2365 3180 148

241 3223 484 3291 magno
519 3208 588 3269 te
625 3204 927 3269 decumas
972 3205 1338 3270 vendidisse
1387 3208 1629 3290 [,atque
1674 3207 1953 3271 aliorum
2000 3206 2260 3291 quidem

243 3313 553 3378 agrorum
580 3314 701 3379 pro
728 3293 1030 3378 portione
1059 3314 1301 3379 magno
1330 3293 1631 3359 decumas
1668 3293 2078 3378 vendidissej,
2116 3295 2262 3381 agri

149 3397 210 3440 ⁸5
244 3383 454 3461 [vero]
482 3381 805 3465 Leontini,
834 3382 945 3467 qui
972 3381 1326 3466 plurimum
1356 3382 1573 3466 efficit,
1599 3382 1807 3448 tritici
1843 3384 2011 3449 mod.
2032 3401 2261 3450 ccxvl.

241 3465 311 3530 Si
365 3469 563 3534 doceo
617 3470 826 3554 pluris
883 3471 1220 3555 aliquanto
1266 3470 1560 3556 potuisse
1604 3472 1880 3537 vendere
1922 3495 2133 3558 neque
2178 3474 2260 3539 iis

240 3556 526 3621 voluisse
571 3562 639 3622 te
685 3558 1006 3646 addicere,
1062 3559 1175 3642 qui
1221 3562 1450 3625 contra
1485 3558 1848 3645 Apronium
1895 3561 2260 3644 licerentur,
