2566 4016
751 215 886 268 LIB.
924 215 1004 269 111
1065 215 1221 271 OAP.
1262 222 1347 284 11,
1387 221 1453 271 12
1490 221 1520 282 5
1558 222 1783 271 27—31.
2139 221 2266 282 281

384 359 605 443 Atque
658 363 736 426 ut
787 358 1220 444 intellegatis,
1283 359 1464 424 cuius
1518 359 1695 424 modi
1749 360 1878 424 ista
1922 359 2159 425 iudicia
2201 360 2270 425 in
2307 374 2375 422 29

254 448 618 532 octuplum,
664 446 843 511 cuius
890 446 1066 511 modi
1112 446 1302 511 istius
1349 446 1427 512 de
1473 447 1739 512 cohorte
1785 452 2270 532 recuperatores

255 535 611 602 existimati
675 534 836 618 sint,
905 534 997 599 sic
1061 534 1395 599 attendite.
1492 534 1782 619 Ecquem
1847 535 2271 601 decumanum

252 624 504 709 putatis
558 623 683 687 hac
727 622 993 687 licentia
1037 622 1383 706 permissa,
1436 627 1512 687 ut
1555 626 1813 688 tantum
1851 624 1944 689 ab
1992 627 2272 707 aratore,

201 741 229 782 5
258 715 572 795 quantum
612 710 1045 794 poposcisset,
1091 710 1403 794 auferret,
1448 711 1624 795 plus,
1670 733 1865 812 quam
1912 711 2272 813 deberetur,

255 799 673 900 poposcisse?
766 796 1187 863 Considerate
1241 820 1389 863 cum
1443 799 1678 863 vestris
1734 799 1968 864 animis
2014 801 2271 864 vosmet

254 887 410 972 ipsi,
464 907 730 970 ecquem
784 886 1058 970 putetiS,
1111 886 1498 970 praesertim
1553 909 1700 952 cum
1754 887 1822 951 id
1874 908 2008 952 non
2058 887 2271 952 solum

255 974 550 1058 avaritia,
575 974 688 1039 sed
712 974 913 1038 etiam
931 974 1343 1057 inprudentia
1366 975 1651 1040 accidere
1673 975 1979 1059 potuerit.
2022 974 2270 1039 Multos

253 1083 515 1128 necesse
562 1064 681 1126 est.
762 1060 855 1126 At
900 1083 1022 1146 ego
1070 1063 1280 1127 omnis
1329 1063 1470 1127 dico
1515 1065 1684 1147 plus,
1731 1085 1804 1128 ac
1848 1064 2058 1127 multo
2105 1063 2271 1146 plus,

179 1180 229 1219 ιο
256 1173 453 1236 quam
483 1149 816 1214 decumam
847 1149 1214 1214 abstulisse.
1263 1148 1437 1215 Cedo
1465 1150 1628 1215 mihi
1655 1172 1855 1216 unum
1884 1171 1961 1214 ex
1987 1150 2269 1214 triennio

256 1242 600 1339 praeturae
639 1242 809 1321 tuae,
855 1237 968 1322 qui
1005 1237 1253 1322 octupli
1291 1238 1634 1302 damnatus
1682 1239 1785 1302 sit.
1856 1237 2270 1302 Damnatus?

257 1327 458 1390 immo
512 1347 695 1408 vero,
749 1325 818 1389 in
875 1347 1068 1408 quem
1118 1325 1428 1390 iudicium
1484 1348 1560 1390 ex
1616 1326 1825 1391 edicto
1880 1329 1995 1390 tuo
2049 1327 2271 1409 postu-

257 1414 467 1479 latum
496 1413 601 1479 sit.
672 1412 883 1478 Nemo
914 1417 1055 1478 erat
1091 1413 1393 1478 videlicet
1431 1417 1784 1498 aratorum,
1820 1413 1932 1498 qui
1965 1412 2272 1477 iniuriam

259 1502 384 1566 sibi
446 1501 689 1566 factam
756 1501 939 1584 queri
1001 1505 1250 1586 posset,
1311 1523 1501 1567 nemo
1568 1502 2095 1583 decumanorum,
2160 1499 2274 1583 qui

179 1618 230 1660 15
259 1610 463 1676 grano
511 1589 811 1673 amplius,
858 1611 1051 1672 quam
1099 1590 1226 1654 sibi
1272 1589 1629 1674 deberetur,
1675 1590 1895 1655 deberi
1938 1588 2273 1673 professus

257 1682 446 1743 esset.
553 1677 765 1741 Immo
837 1698 998 1742 vero
1064 1681 1295 1742 contra
1366 1678 1665 1763 rapiebat
1738 1682 1805 1742 et
1838 1676 2273 1761 asportabat,

257 1770 574 1848 quantum
609 1787 650 1829 a
685 1786 940 1849 quoque
985 1766 1268 1849 volebat,
1315 1765 1662 1849 Apronius,
1706 1764 2004 1830 omnibus
2052 1767 2272 1828 autem

258 1853 419 1917 locis
476 1856 766 1918 aratores
821 1853 1089 1936 spoliati
1143 1875 1219 1918 ac
1272 1853 1493 1917 vexati
1546 1852 2011 1936 querebantur3
2063 1872 2273 1933 neque

260 1944 482 2005 tamen
517 1940 728 2005 ullum
769 1940 1076 2005 iudicium
1122 1941 1498 2025 reperietur.
1579 1937 1747 2015 Quid
1792 1944 1893 2003 est
1936 1938 2104 2004 hoc?
2168 1941 2271 2002 tot
2308 1944 2379 1992 30

176 2057 229 2098 20
257 2030 382 2094 viri
434 2029 666 2112 forteS,
726 2030 1012 2112 honesti,
1069 2028 1372 2113 gratiosi,
1424 2032 1530 2093 tot
1581 2027 1809 2111 Siculi,
1860 2030 1965 2092 tot
2020 2027 2270 2110 equites

255 2117 537 2183 Romani
600 2118 684 2182 ab
746 2117 1010 2181 homine
1069 2116 1469 2200 nequissimo
1536 2135 1611 2181 ac
1672 2114 2052 2199 turpissimo
2109 2115 2273 2179 laesi

120 2277 127 2281 ,
256 2227 534 2290 poenam
572 2205 819 2289 octupli
857 2205 994 2269 sine
1040 2205 1179 2269 ulla
1225 2204 1632 2270 dubitatione
1678 2202 2094 2269 commissam
2138 2224 2272 2267 non

256 2293 1781 2466 fiissfefflffissssffufssaffaveidffiaafflat&
1784 2290 2026 2445 21⁵3ss?
2041 2290 2273 2443 1113.ssss

176 2494 231 2536 25
259 2488 329 2533 se
366 2473 432 2533 et
474 2469 702 2534 irrisos
750 2470 833 2534 ab
878 2468 1114 2533 iudicio
1161 2469 1558 2534 discessuros
1603 2468 1929 2533 videbant.
2008 2466 2273 2533 Etenim

256 2556 430 2642 quod
481 2563 653 2622 esset
696 2557 1031 2640 iudicium,
1085 2578 1232 2621 cum
1278 2577 1357 2619 ex
1391 2555 1620 2621 Verris
1665 2556 2045 2640 turpissimo
2094 2555 2274 2641 flagi·

254 2645 742 2727 tiosissimoque
779 2645 1095 2709 comitatu
1131 2647 1267 2708 tres
1305 2647 1832 2744 recuperatorum
1868 2644 2129 2708 nomine
2176 2664 2273 2706 as-

260 2730 577 2794 sedissent
628 2732 965 2797 adseculae
1011 2731 1202 2796 istius
1247 2753 1382 2796 non
1427 2753 1467 2795 a
1510 2734 1698 2815 patre
1745 2731 1806 2796 ei
1850 2731 2103 2813 traditi,
2159 2730 2271 2794 sed

260 2838 299 2881 a
344 2817 757 2881 meretricula
811 2818 1289 2884 commendati?
1370 2818 1618 2904 Ageret
1662 2818 1963 2884 videlicet
2009 2839 2270 2883 causam
2308 2822 2374 2871 31

173 2932 229 2972 so
259 2906 501 2983 arator,
544 2903 711 2968 nihil
755 2906 882 2970 sibi
923 2906 1237 2971 frumenti
1283 2907 1366 2971 ab
1396 2905 1690 2990 Apronio
1737 2906 2053 2987 relictum,
2098 2906 2271 2970 bona

256 3015 376 3058 sua
404 2952 603 3056 etiam
641 2992 911 3094 direpta,
949 3016 1017 3058 se
1055 2995 1391 3079 pulsatum
1428 2994 1966 3093 verberatumque
2004 2993 2272 3077 diceret3

255 3080 624 3147 conferrent
685 3080 811 3145 viri
874 3081 1029 3145 boni
1092 3082 1334 3166 capita,
1398 3082 1475 3146 de
1539 3080 1993 3147 comissatione
2053 3082 2271 3164 loque·

254 3173 481 3234 rentur
524 3168 697 3232 inter
744 3190 812 3233 se
859 3190 935 3233 ac
980 3169 1058 3233 de
1102 3170 1528 3253 mulierculis,
1574 3170 1632 3234 si
1663 3191 1838 3271 ‘quas
1887 3192 1926 3233 a
1970 3173 2271 3253 praetore

255 3256 554 3322 abeuntis
583 3261 852 3341 possent
892 3256 1390 3340 deprehendere3
1428 3279 1532 3321 res
1571 3257 1682 3342 agi
1716 3257 2058 3321 videretur.
2123 3255 2272 3321 Sur·

167 3370 226 3411 85
255 3346 530 3410 rexisset
544 3344 896 3430 Apronius,
930 3365 1102 3408 nova
1129 3343 1416 3429 dignitas
1444 3345 1793 3428 publicani,
1829 3366 1962 3409 non
1988 3349 2062 3409 ut
2091 3344 2272 3410 decu-

254 3455 485 3498 manus
549 3433 873 3518 squaloris
937 3433 1167 3517 plenus
1233 3454 1307 3497 ac
1369 3432 1685 3517 pulveris,
1750 3433 1863 3498 sed
1921 3434 2271 3519 unguentis

254 3522 517 3604 oblitus,
562 3523 715 3588 vino
752 3521 1126 3607 vigiliisque
1162 3520 1539 3607 languidus3
1585 3521 1804 3587 omnia
1839 3522 2050 3608 primo
2089 3526 2272 3587 motu
