2566 4016
674 225 809 280 LIB.
847 225 931 281 ΙΙΙ
997 224 1152 281 ΟΑΡ.
1190 230 1402 282 82—84
1439 231 1469 292 ἓ
1509 231 1803 282 189-194.
2123 224 2255 289 349

231 369 578 434 vecturae?
644 392 771 455 quo
820 391 897 434 ex
943 370 1086 436 loco
1131 369 1201 433 in
1248 391 1439 453 quem
1483 369 1700 435 locum
1745 390 1825 433 ne
1870 368 2253 454 portarent?

231 456 621 522 Philomelio
685 457 1064 543 Ephesum?
1163 456 1400 541 Video,
1472 457 1627 543 quid
1699 457 1868 521 inter
1932 478 2255 522 annonam

231 545 545 611 interesse
610 546 845 629 soleat,
907 546 1122 626 video,
1187 549 1348 630 quot
1412 545 1662 610 dierum
1725 545 1830 610 via
1889 545 2002 627 sit,
2065 544 2252 610 video

231 632 846 699 Philomeliensibus
899 633 1223 719 expedire,
1280 633 1508 718 quanti
1553 633 1801 718 Ephesi
1845 632 1932 697 sit
1978 632 2255 698 frumen-

177 738 205 780 ο
232 725 404 805 tum,
460 722 612 787 dare
657 722 874 807 potius
920 722 992 786 in
1035 722 1327 807 Phrygia
1372 744 1568 806 quam
1613 721 1947 806 Ephesum
1990 724 2255 804 portare

234 814 349 876 aut
413 809 495 875 ad
558 811 897 876 emendum
951 808 1351 875 frumentum
1406 810 1740 894 Ephesum
1793 808 2132 895 pecuniam
2188 812 2254 874 et

232 898 488 983 legatos
526 899 804 963 mittere.
885 899 964 964 In
1001 897 1225 964 Sicilia
1264 919 1420 964 vero
1467 898 1620 983 quid
1666 898 1802 963 eius
1848 897 2025 962 modi
2071 896 2215 962 est?
2258 906 2357 957 192

230 983 466 1051 Henna
502 987 975 1052 mediterranea
1010 990 1113 1052 est
1158 987 1454 1051 maxime.
1526 984 1722 1072 Coge,
1766 989 1840 1050 ut
1886 985 1967 1050 ad
2014 1006 2250 1069 aquam

231 1073 354 1138 tibi
363 1124 381 1157 ‚
435 1074 503 1138 id
549 1074 721 1158 quod
767 1075 1005 1139 summi
1048 1074 1206 1140 iuris
1255 1078 1381 1158 est,
1424 1074 1825 1139 frumentum
1868 1072 2249 1139 Hennenses

152 1177 204 1218 10
233 1161 670 1226 admetiantur
713 1162 818 1225 vel
863 1161 1197 1226 Phintiam
1241 1164 1347 1226 vel
1392 1161 1744 1227 Halaesam
1790 1161 1894 1227 vel
1932 1159 2251 1244 Catinam,

231 1249 377 1314 loca
412 1249 582 1314 inter
618 1270 690 1314 se
727 1270 1025 1313 maxume
1062 1249 1337 1333 diversa,
1374 1249 1599 1315 eodem
1636 1249 1756 1332 die,
1802 1270 1929 1333 quo
1966 1249 2251 1332 iusseriS‚

232 1335 688 1421 deportabunt.
786 1336 1077 1402 Tametsi
1136 1358 1218 1402 ne
1277 1340 1542 1403 vectura
1601 1337 1859 1422 quidem
1914 1342 2015 1402 est
2068 1358 2249 1421 opuS.

231 1422 405 1489 Nam
467 1429 649 1490 totus
715 1429 1022 1511 quaestus
1085 1425 1217 1508 hic,
1279 1425 1523 1490 iudices
1532 1475 1551 1508 ,
1616 1424 2110 1491 aestumationis
2176 1446 2253 1490 ex

231 1535 524 1579 annonae
575 1517 770 1579 natus
827 1519 929 1579 est
981 1513 1317 1578 varietate.
1409 1512 1551 1578 Hoc
1607 1514 1778 1577 enim
1824 1513 2252 1599 magistratus

152 1614 204 1657 1⁵
230 1601 300 1666 in
350 1602 687 1685 provincia
741 1602 1008 1687 adsequi
1060 1604 1309 1686 potest,
1361 1605 1437 1665 ut
1491 1600 1585 1665 ibi
1637 1600 1940 1685 accipiat,
1993 1601 2108 1665 ubi
2153 1604 2254 1665 est

232 1690 653 1756 carissimum.
751 1691 905 1756 Ideo
970 1690 1146 1756 valet
1209 1690 1341 1754 ista
1404 1688 1574 1754 ratio
1631 1688 2126 1755 aestumationis
2183 1690 2254 1753 in

231 1778 419 1860 Asia,
483 1779 657 1842 valet
716 1780 787 1844 in
838 1777 1187 1863 Hispania,
1249 1778 1428 1843 valet
1481 1777 1553 1842 in
1604 1777 1686 1842 iis
1740 1777 2091 1862 provinciis
2103 1826 2121 1860 ,
2183 1777 2254 1841 in

233 1864 464 1946 quibus
527 1886 726 1930 unum
789 1867 1072 1950 pretium
1133 1867 1462 1931 frumento
1529 1886 1671 1931 esse
1734 1886 1866 1932 non
1925 1866 2121 1947 solet3
2183 1864 2254 1929 in

234 1949 454 2017 Sicilia
488 1973 642 2019 vero
680 1951 836 2037 quid
871 1954 1251 2038 cuiusquam
1287 1954 1619 2038 intererat,
1665 1974 1806 2055 quo·
1838 1953 1983 2018 loco
2022 1952 2253 2018 daret?

154 2057 206 2098 80
230 2062 437 2124 neque
493 2040 665 2105 enim
715 2041 1106 2126 portandum
1153 2046 1321 2126 erat,
1377 2046 1468 2127 et,
1525 2065 1651 2129 quo
1701 2042 1970 2127 quisque
2015 2041 2250 2106 vehere

231 2128 445 2194 iussus
466 2131 655 2213 esset,
673 2129 768 2192 ibi
790 2128 1108 2194 tantidem
1129 2128 1529 2195 frumentum
1550 2136 1810 2215 emeret,
1828 2129 2058 2214 quanti
2076 2130 2252 2195 domi

231 2216 642 2281 vendidisset.
725 2216 933 2293 Quam
980 2217 1065 2282 ob
1110 2238 1275 2299 rem,
1321 2218 1377 2281 si
1422 2219 1549 2302 vis,
1602 2218 1940 2302 Hortensi,
1988 2218 2214 2284 docere
2255 2226 2357 2277 193

233 2303 479 2388 aliquid
516 2305 598 2369 ab
636 2304 765 2370 isto
803 2303 1074 2369 simile
1055 2326 1125 2369 m
1170 2307 1643 2371 aestumatione
1691 2312 1886 2392 atque
1932 2329 1972 2372 a
2016 2307 2249 2372 ceteris

234 2414 373 2457 esse
426 2393 703 2477 factum,
758 2393 988 2458 doceas
1049 2393 1378 2476 oportebit
1423 2394 1641 2479 aliquo
1687 2396 1757 2461 in
1800 2396 1944 2462 loco
1992 2393 2249 2462 Siciliae

153 2497 205 2540 25
232 2485 532 2566 praetore
577 2479 780 2547 Verre
835 2480 1037 2546 ternis
1095 2480 1376 2545 denariis
1431 2482 1633 2548 tritici
1687 2484 1974 2549 modium
2029 2485 2251 2550 fuisse.

366 2569 558 2655 Vide,
623 2593 848 2671 quam·
881 2569 1006 2635 tibi
1061 2568 1498 2634 defensionem
1551 2570 1991 2655 patefecerim,
2058 2595 2252 2673 quam
2274 2569 2359 2633 84

231 2659 523 2743 iniquam
585 2660 656 2723 in
719 2658 956 2741 socios,
1020 2679 1218 2741 quam
1280 2660 1598 2722 remotam
1665 2659 1747 2723 ab
1809 2659 2097 2723 utilitate
2159 2660 2255 2723 rei

232 2746 557 2830 publicae,
623 2769 818 2832 quam
884 2746 1242 2810 seiunctam
1308 2767 1348 2809 a
1404 2745 1745 2811 voluntate
1800 2767 1875 2812 ac
1932 2747 2255 2811 sententia

232 2833 417 2919 legis.
509 2833 635 2917 Tu,
699 2857 845 2900 cum
907 2834 1033 2897 tibi
1096 2854 1218 2919 ego
1281 2833 1681 2898 frumentum
1734 2833 1804 2896 in
1858 2834 2019 2898 meis
2075 2833 2252 2919 agris

151 2939 206 2981 ao
235 2925 431 3007 atque
476 2922 547 2985 in
590 2944 735 2987 mea
780 2922 1074 3004 civitate,
1121 2921 1449 3023 denique
1430 2943 1500 2985 1n
1542 2921 1624 2985 iis
1669 2920 1858 3003 lociS,
1904 2921 1974 2985 in
2018 2922 2252 3006 quibus

232 3031 515 3075 versans
526 3059 545 3092 ,
598 3031 735 3075 rem
783 3010 984 3096 geris,
1038 3010 1443 3094 provinciam
1490 3009 1935 3092 administras,
1985 3012 2252 3111 paratus

234 3098 360 3163 sim
424 3097 604 3180 dare,
671 3098 985 3184 angulum
1049 3097 1211 3162 mihi
1276 3097 1560 3181 aliquem
1620 3097 1826 3184 eligas
1881 3098 2254 3181 provinciae

232 3185 635 3252 reconditum
682 3208 756 3252 ac
803 3186 1225 3252 derelictum?
1275 3186 1501 3251 iubeas
1546 3186 1640 3251 ibi
1685 3208 1789 3251 me
1835 3185 2078 3270 metiri,
2126 3208 2252 3270 quo

233 3277 494 3357 portare
539 3296 672 3339 non
719 3273 1045 3359 expediat,
1108 3274 1219 3338 ubi
1267 3296 1480 3339 emere
1533 3296 1665 3340 non
1710 3274 2002 3360 possim?
2093 3274 2217 3338 Im·
2257 3287 2359 3337 194

152 3376 206 3419 ³⁵
232 3362 509 3446 probum
563 3363 841 3446 facinus,
896 3362 1165 3445 iudices,
1217 3383 1351 3427 non
1402 3362 1765 3446 ferendum,
1818 3362 2061 3428 nemini
2106 3362 2253 3449 lege

231 3469 633 3534 concessum,
688 3452 802 3518 sed
854 3451 1138 3516 fortasse
1194 3450 1402 3516 adhuc
1457 3452 1527 3517 in
1575 3451 1757 3517 nullo
1805 3451 2003 3516 etiam
2050 3451 2253 3516 vindi-

230 3538 472 3601 catum!
547 3538 795 3606 Tamen
833 3561 955 3626 ego
992 3538 1134 3623 hoc,
1182 3538 1355 3623 quod
1391 3538 1550 3604 ferri
1583 3559 1753 3626 nego
1789 3561 2000 3625 posse,
2040 3538 2251 3624 Verri,
