2566 4016
317 209 445 273 114
798 209 877 263 m
914 208 976 274 Q.
1016 206 1412 263 CAECILIUM
1447 206 1844 262 DIVINATIO.

313 355 500 420 cilius
525 358 670 419 tum
698 353 971 437 denique
1010 374 1079 417 se
1116 351 1364 437 aliquid
1397 352 1692 416 futurum
1726 354 1932 435 putet,
1967 350 2027 416 si
2048 350 2326 418 Alienus

313 442 526 516 minus
553 441 898 507 vehemens
922 440 1128 505 fuerit
1145 443 1216 505 et
1244 440 1374 505 sibi
1407 440 1657 525 primas
1687 438 1760 503 in
1795 439 2065 505 dicendo
2102 444 2326 525 partes

313 530 719 596 concesserit.
799 527 1118 604 Quartum
1163 550 1357 612 quem
1403 528 1491 592 sit
1533 527 1898 611 habiturus,
1939 547 2076 592 non
2117 528 2326 613 video,

310 619 439 683 nisi
492 640 686 720 quem
735 617 909 682 forte
964 638 1043 681 ex
1094 617 1213 681 illo
1268 637 1468 703 grege
1519 618 1948 700 moratorum,
2005 616 2119 699 qui
2172 618 2325 682 sub-

314 707 732 791 scriptionem
791 705 919 770 sibi
968 706 1411 789 postularunt,
1465 703 1842 787 cuicumque
1887 724 2004 770 vos
2050 703 2324 769 delatio⁴
2351 723 2381 763 ⁵

207 809 276 857 50
310 817 461 860 nem
498 793 854 859 dedissetis,
927 792 1028 857 Ex
1065 793 1301 878 quibus
1338 792 1750 857 alienissimis
1791 791 2184 875 hominibus,
2227 793 2327 857 ita

314 885 582 967 paratus
636 882 846 963 venis,
899 884 975 946 ut
1029 881 1156 946 tibi
1197 880 1438 965 hospes
1485 880 1722 964 aliquis
1769 879 1857 943 sit
1901 879 2324 964 recipiendus.

314 970 561 1046 Quibus
617 990 739 1056 ego
792 991 925 1034 non
972 991 1117 1034 sum
1161 973 1422 1034 tantum
1466 968 1782 1033 honorem
1824 968 2196 1052 habiturus,
2247 972 2327 1032 ut

315 1058 397 1124 ad
451 1080 555 1142 ea,
609 1080 772 1142 quae
828 1053 1132 1140 dixerint,
1186 1061 1372 1122 certo
1421 1054 1566 1122 l‘oco
1617 1058 1733 1121 aut
1777 1055 2166 1141 singillatim
2209 1057 2325 1121 uni

313 1146 540 1231 cuique
592 1145 1046 1230 respondeam3
1108 1146 1201 1211 sic
1254 1144 1568 1227 breviter,
1632 1144 1938 1228 quoniam
1991 1165 2124 1209 non
2174 1166 2323 1209 con-
2354 1161 2418 1205 ιο

314 1236 488 1300 sulto
500 1284 518 1319 ,
582 1234 696 1299 sed
757 1256 911 1300 casu
971 1234 1044 1298 in
1103 1254 1327 1299 eorum
1390 1232 1787 1298 mentionem
1847 1232 2070 1316 incidi,
2132 1233 2326 1316 quasi

211 1331 292 1395 16
310 1322 707 1408 praeteriens
732 1322 895 1388 satis
918 1322 1155 1387 faciam
1177 1321 1514 1387 universis.
1560 1320 1857 1385 Tantane
1882 1320 2071 1385 vobis
2099 1320 2327 1405 inopia

311 1410 535 1477 videor
563 1431 703 1475 esse
731 1411 1102 1493 amicorum,
1134 1413 1213 1474 ut
1241 1408 1405 1473 mihi
1429 1428 1565 1474 non
1600 1430 1677 1473 ex
1711 1408 1835 1492 his,
1871 1429 2034 1493 quos
2070 1430 2324 1473 mecum

313 1497 705 1579 adduxerim,
752 1497 865 1561 sed
910 1498 987 1561 de
1031 1498 1275 1581 populo
1323 1496 1728 1581 subscriptor
1773 1496 2090 1561 addatur?
2134 1497 2322 1562 vobis

314 1589 531 1687 autem
566 1588 759 1649 tanta
791 1585 1016 1685 inopia
1048 1605 1308 1685 reorum
1344 1589 1464 1668 est,
1505 1588 1583 1686 ut
1624 1584 1787 1649 mihi
1832 1605 2094 1649 causam
2138 1607 2321 1670 prae—
2350 1603 2412 1645 ιε

206 1776 269 1824 51
310 1694 905 1826 fflffiffl
943 1676 1187 1825 033232
1240 1672 2325 1847 ἓξᾷωιθῖῙὲἓέἳῗεφὸᾶτᾶἕέἓἘὲζῗ

308 1849 539 1934 inquit,
576 1848 814 1914 ‘Tullio
852 1870 954 1914 me
991 1848 1340 1934 apponite?
1405 1846 1618 1923 Quid?
1663 1848 1826 1913 mihi
1862 1870 2058 1933 quam
2095 1849 2325 1914 multis

310 1938 685 2004 custodibus
731 1958 894 2025 opus
940 1938 1083 2021 erit,
1130 1938 1187 2002 si
1229 1941 1298 2001 te
1344 1937 1543 2002 semel
1586 1936 1670 2001 ad
1712 1958 1890 2002 meas
1937 1958 2166 2023 capsas
2214 1938 2323 2002 ad-

310 2027 591 2095 misero?
643 2027 754 2112 qui
797 2048 930 2093 non
974 2027 1210 2110 solum,
1253 2047 1336 2090 ne
1383 2026 1539 2110 quid
1584 2026 1896 2109 enunties,
1942 2026 2056 2091 sed
2099 2027 2322 2111 etiam,
2348 2046 2414 2086 so

307 2137 389 2179 ne
426 2115 582 2200 quid
617 2115 891 2198 auferas,
935 2113 1390 2179 custodiendus
1427 2115 1533 2179 sis,
1605 2111 1733 2178 Sed
1769 2115 1847 2179 de
1883 2114 2015 2179 isto
2051 2115 2322 2180 custode

308 2206 451 2267 toto
509 2203 603 2267 sic
653 2203 842 2268 vobis
898 2201 1282 2266 brevissime
1334 2201 1765 2293 respondebO,
1817 2223 1954 2268 non
2006 2224 2146 2268 esse
2192 2203 2321 2268 hos

309 2291 478 2354 tales
522 2289 695 2354 viros
742 2289 1228 2372 commissuros,
1271 2293 1351 2354 ut
1394 2290 1479 2354 ad
1523 2311 1783 2355 causam
1826 2293 2083 2356 tantam
2129 2312 2170 2356 a
2215 2313 2321 2356 me

311 2379 701 2459 susceptam,
764 2376 926 2440 mihi
988 2375 1300 2442 creditam
1359 2377 1702 2462 quisquam
1757 2379 2162 2461 subscriptor
2216 2399 2330 2444 me-

247 2548 248 2551 *
307 2464 515 2530 invito
580 2464 911 2547 adspirare
973 2465 1210 2549 possit3
1273 2466 1513 2531 etenim
1571 2466 1731 2531 fides
1785 2487 1931 2532 mea
1982 2467 2318 2532 custodem
2345 2485 2410 2527 85

203 2653 270 2702 ⁵2
308 2551 1041 2706 ‘epfflsssszfflgffiffiffe
1068 2555 2033 2708 ⁵15²Jz¹2320353253⁰ffiiffi
2106 2645 2206 2708 ιι,
2248 2647 2318 2709 120

308 2729 630 2813 deficiant,
692 2729 902 2814 vides3
964 2691 1158 2814 quam
1216 2693 1428 2795 multa
1483 2730 1615 2795 sint
1667 2693 1738 2796 iii
1755 2665 1884 2814 (Itis,
1948 2666 2113 2816 quta}
2165 2753 2317 2797 reus

304 2839 543 2884 nocens
605 2818 674 2882 in
733 2821 1106 2884 accusatore
1161 2838 1280 2883 suo
1336 2818 1557 2901 cupiat
1607 2841 1773 2903 esse,
1834 2819 2129 2904 profecto
2183 2820 2317 2884 iam

304 2906 653 2991 intellegis.
709 2905 876 2980 Quid
904 2906 988 2970 ad
1012 2906 1175 2972 haec
1210 2906 1338 2972 dici
1369 2907 1634 2990 potest?
1678 2908 2016 2987 nonenim
2055 2929 2315 2992 quaero,
2346 2925 2410 2966 so

306 2994 460 3078 quid
521 2999 596 3058 tu
650 2994 938 3059 dicturus
993 2994 1112 3078 sis3
1176 2994 1364 3059 video
1419 2995 1581 3058 mihi
1633 3017 1769 3060 non
1819 2999 1913 3080 te,
1978 2996 2092 3060 sed
2143 2996 2321 3062 hunc

303 3082 543 3147 librum
572 3103 713 3147 esse
739 3103 1219 3168 responsurum,
1256 3103 1448 3166 quem
1476 3084 1760 3148 monitor
1785 3087 1939 3148 tuus
1965 3084 2072 3149 hic
2106 3087 2320 3167 tenet3

305 3170 416 3253 qui
471 3170 528 3234 si
579 3173 648 3235 te
700 3174 875 3236 recte
928 3191 1190 3235 monere
1241 3171 1447 3254 volet,
1503 3171 1799 3237 suadebit
1840 3172 1992 3256 tibi,
2043 3175 2121 3236 ut
2163 3172 2320 3238 hinc

304 3257 594 3322 discedas
638 3279 844 3342 neque
890 3258 1052 3324 mihi
1096 3259 1369 3323 verbum
1412 3259 1620 3324 ullum
1665 3259 2074 3344 respondeas.
2146 3259 2317 3335 Quid

304 3345 473 3407 enim
512 3345 728 3410 dices?
774 3368 859 3411 an
892 3346 977 3428 id,
1022 3346 1195 3431 quod
1239 3345 1521 3430 dictitas,
1564 3347 1870 3412 iniuriam
1914 3348 2040 3413 tibi
2082 3346 2316 3414 fecisse
2345 3364 2410 3408 ³5

303 3431 619 3496 Verrem?
665 3432 997 3517 Arbitror3
1040 3455 1247 3518 neque
1283 3434 1455 3500 enim
1491 3439 1663 3500 esset
1706 3435 1845 3500 veri
1891 3435 2121 3519 simile,
2167 3457 2314 3501 cum

305 3516 602 3582 omnibus
631 3517 865 3585 Siculis
902 3521 1147 3586 faceret
1180 3522 1469 3607 iniurias,
1512 3527 1581 3587 te
1616 3524 1719 3588 illi
1752 3546 1953 3589 unum
1989 3523 2315 3609 eximium,
