2566 4016
296 221 426 286 134
771 217 850 273 IN
889 216 945 271 C.
989 214 1296 270 VERREM
1332 213 1548 269 ACTIO
1585 212 1833 267 PRIMA.

293 366 450 452 pulo
477 362 774 429 Romano
805 360 1282 445 amplissimum
1312 356 1947 442 pulcherrimumque
1983 355 2318 442 polliceor.

293 454 545 536 Moneo,
590 449 909 535 praedico,
955 450 1108 513 ante
1154 445 1484 511 denuntio:
1535 443 1661 520 Qui
1697 449 1811 510 aut
1845 444 2165 529 deponere
2203 449 2320 510 aut

296 541 583 625 aoeipere
621 541 733 603 aut
759 536 1043 621 recipere
1077 539 1192 600 aut
1218 532 1515 619 polliceri
1542 538 1656 598 aut
1693 537 2058 617 sequestres
2084 535 2199 597 aut
2226 533 2320 598 in-

295 632 616 713 terpretes
670 623 1124 709 corrumpendi
1182 620 1403 687 iudicii
1458 622 1672 687 solent
1727 642 1894 704 esse,
1948 621 2190 705 quique
2237 620 2320 685 ad

296 716 465 781 hanc
483 736 622 780 rem
651 716 765 778 aut
791 712 1155 798 potentiam
1184 714 1300 775 aut
1326 709 1796 793 impudentiam
1826 729 2012 775 suam
2039 708 2320 794 professi
2346 732 2374 773 5

301 808 455 869 sunt
537 801 909 868 abstineant
961 800 1031 864 in
1074 799 1198 864 hoc
1241 796 1478 861 iudicio
1532 818 1760 863 manus
1809 797 2190 880 animosque
2235 796 2319 862 ab

200 874 281 938 13
300 893 425 957 hoc
463 853 703 955 {celere
746 888 1013 952 nefario.
1093 886 1243 950 Erit
1288 889 1430 950 tum
1475 887 1700 950 consul
1747 883 2136 951 Hortensius
2174 907 2322 951 cum

196 952 262 1000 37
303 1000 556 1045 summo
601 977 872 1061 imperio
921 980 988 1040 et
1031 977 1383 1060 potestate,
1440 994 1561 1059 ego
1609 978 1827 1039 autem
1885 973 2137 1057 aedilis,
2196 972 2322 1038 hoc

301 1071 404 1133 est
446 1066 642 1151 paulo
690 1063 970 1149 amplius
1023 1084 1218 1146 quam
1264 1061 1587 1146 privatus3
1642 1066 1865 1127 tamen
1908 1061 2097 1126 huius
2142 1060 2324 1125 modi

300 1156 463 1220 haec
515 1174 619 1218 res
675 1155 802 1235 est,
868 1173 1063 1235 quam
1117 1172 1222 1215 me
1278 1153 1572 1214 acturum
1629 1170 1770 1215 esse
1823 1149 2162 1234 polliceor,
2225 1148 2324 1213 ita
2353 1170 2409 1210 10

300 1242 545 1328 populo
589 1240 886 1306 Romano
933 1242 1128 1325 grata
1173 1242 1369 1321 atque
1413 1237 1717 1322 iucunda,
1771 1241 1846 1303 ut
1901 1238 2041 1321 ipse
2098 1238 2325 1303 consul

301 1332 372 1395 in
424 1331 549 1395 hac
602 1350 799 1394 causa
854 1349 1013 1414 prae
1068 1348 1171 1392 me
1225 1326 1442 1391 minus
1499 1326 1724 1409 etiam,
1789 1325 1848 1391 si
1901 1325 2044 1390 fieri
2095 1324 2325 1411 possit,

306 1439 501 1502 quam
545 1416 841 1501 privatus
888 1436 1031 1480 esse
1074 1414 1389 1480 videatur.

436 1502 669 1569 Omnia
724 1525 858 1568 non
924 1502 1115 1568 modo
1178 1502 1886 1586 commemorabuntur,
1951 1500 2064 1567 sed
2126 1499 2325 1566 etiam

305 1592 615 1677 expositis
698 1591 891 1656 certis
965 1591 1157 1655 rebus
1230 1593 1529 1675 agentur,
1611 1612 1774 1674 quae
1852 1590 2023 1655 inter
2106 1589 2324 1655 decem
2355 1607 2408 1649 15

306 1700 529 1763 annOS,
576 1683 1004 1763 posteaquam
1049 1677 1286 1744 iudicia
1331 1678 1414 1743 ad
1461 1683 1758 1743 senatum
1795 1679 2120 1743 translata
2157 1681 2327 1761 sunt,

304 1769 375 1833 in
426 1768 619 1833 rebus
674 1767 1031 1833 iudicandis
1090 1766 1338 1832 nefarie
1401 1766 1856 1852 flagitioseque
1917 1766 2095 1831 facta
2157 1767 2327 1831 sunt.

202 1870 269 1921 38
306 1856 672 1943 Cognoscet
717 1878 792 1920 ex
854 1877 958 1920 me
1011 1856 1292 1939 populus
1338 1853 1698 1938 Romanus,
1755 1854 1910 1940 quid
1962 1854 2074 1933 sit,
2131 1874 2326 1937 quam

306 1945 391 2012 ob
451 1965 618 2029 rem,
681 1965 827 2010 cum
883 1948 1180 2028 equester
1234 1943 1392 2008 ordo
1457 1941 1796 2028 iudicaret,
1861 1963 2064 2007 annos
2123 1963 2327 2028 prope

307 2033 781 2119 quinquaginta
826 2033 1167 2098 continuos
1202 2035 1274 2097 in
1308 2032 1492 2097 nullo
1519 2031 1726 2098 iudice
1755 2032 1998 2116 [equite
2025 2029 2324 2094 Romano
2355 2049 2410 2090 πο

305 2121 655 2202 iudicante]
728 2141 811 2185 ne
851 2120 1269 2185 'tenuissima
1341 2119 1600 2204 quidem
1673 2121 1952 2205 suspicio
2024 2122 2330 2202 acceptae

304 2209 615 2294 pecuniae
661 2208 745 2272 ob
789 2227 929 2271 rem
974 2206 1382 2272 iudicandam
1429 2207 1787 2273 constituta
1842 2209 1956 2291 sit3
2011 2205 2166 2291 quid
2221 2205 2331 2289 sit,

310 2295 483 2378 quod
535 2294 789 2360 iudiciis
844 2294 927 2359 ad
983 2294 1382 2360 senatorium
1442 2294 1732 2360 ordinem
1789 2294 2129 2361 translatis
2177 2293 2330 2359 sub-

309 2384 574 2464 lataque
635 2381 862 2467 populi
915 2381 1195 2447 Romani
1258 2382 1329 2448 in
1391 2404 1590 2449 unum
1654 2405 1970 2468 quemque
2035 2386 2330 2449 vestrum

307 2472 637 2554 potestate
693 2468 765 2544 Q.
822 2467 1108 2535 Calidius
1174 2471 1518 2536 damnatus
1582 2471 1817 2536 dixerit
1879 2470 2150 2536 minoris
2213 2467 2328 2534 HS
2358 2487 2411 2529 25

308 2556 572 2622 triciens
619 2558 1020 2642 praetorium
1065 2558 1397 2624 hominem
1440 2559 1712 2624 honeste
1756 2581 1889 2625 non
1925 2580 2118 2645 posse
2155 2557 2330 2623 dam-

306 2645 480 2728 nari3
547 2645 703 2731 quid
756 2645 869 2729 sit,
934 2645 1106 2729 quod
1157 2646 1227 2712 P.
1283 2644 1599 2732 Septimio
1665 2652 1963 2712 senatore
2022 2647 2330 2711 damnato

308 2733 381 2810 Q.
420 2732 772 2799 Hortensio
818 2737 1119 2819 praetore
1165 2734 1243 2799 de
1280 2735 1579 2820 pecuniis
1605 2734 1978 2820 repetundis
2016 2735 2099 2798 lis
2137 2732 2332 2798 aesti-

307 2824 489 2887 mata
534 2821 621 2886 sit
667 2843 742 2887 eo
787 2822 1067 2905 nomine,
1113 2822 1286 2905 quod
1331 2823 1444 2887 ille
1482 2823 1566 2887 ob
1605 2844 1744 2887 rem
1779 2822 2333 2906 iudicandam‘pe-

201 2925 270 2972 39
309 2909 565 2975 cuniam
640 2909 1019 2994 accepisset,
1092 2909 1266 2993 quod
1332 2910 1403 2975 in
1464 2907 1534 2975 O.
1597 2909 1952 2995 Herennio,
2026 2908 2200 2994 quod
2259 2908 2334 2973 in
2362 2927 2416 2968 so

309 2995 379 3063 O.
425 2996 710 3083 Popilio,
757 2996 1198 3080 senatoribus,
1258 2998 1370 3081 qui
1415 2998 1607 3063 ambo
1652 2999 1989 3081 peculatus
2039 2995 2335 3063 damnati

308 3089 487 3169 sunt,
541 3085 713 3169 quod
757 3085 827 3149 in
869 3084 956 3149 M.
1001 3083 1239 3168 Atilio,
1295 3085 1405 3170 qui
1459 3085 1537 3151 de
1595 3086 1938 3151 maiestate
1983 3086 2334 3150 damnatus

307 3177 430 3256 est,
473 3172 598 3237 hoc
643 3173 912 3258 planum
957 3171 1204 3238 factum
1252 3172 1359 3256 sit,
1404 3194 1515 3238 eos
1559 3174 1900 3258 pecuniam
1937 3175 2021 3239 ob
2057 3195 2198 3238 rem
2232 3171 2336 3236 iu·

310 3260 652 3326 dicandam
699 3259 1052 3345 accepisse,
1112 3260 1286 3344 quod
1330 3261 1579 3325 inventi
1625 3262 1759 3326 sint
1804 3264 2165 3345 senatores,
2220 3258 2338 3344 qui

309 3345 378 3412 O.
431 3347 635 3414 Verre
689 3351 991 3433 praetore
1045 3348 1297 3413 urbano
1362 3348 1677 3413 sortiente
1741 3350 1992 3415 exirent
2051 3349 2123 3414 in
2185 3369 2339 3413 eum
2366 3363 2422 3408 π

308 3454 517 3515 reum,
572 3457 764 3518 quem
817 3435 1154 3520 incognita
1198 3457 1398 3502 causa
1441 3436 1969 3523 condemnarent,
2024 3435 2197 3522 quod
2241 3435 2342 3500 in·

306 3523 540 3585 ventus
596 3522 683 3586 sit
738 3527 1027 3608 senator,
1092 3523 1206 3608 qui
1259 3546 1407 3590 cum
1459 3524 1650 3589 iudex
1714 3528 1886 3590 esset
1895 3576 1913 3608 ,
1974 3525 2045 3589 in
2109 3522 2344 3589 eodem
