2566 4016
892 195 1045 250 CAP.
1077 191 1288 268 ιμ’-14
1324 203 1354 264 5
1393 203 1616 252 33—40.
2186 199 2272 264 93

384 338 477 404 Et
528 361 611 404 ne
665 339 840 405 forte
885 362 988 404 me
1034 340 1158 405 hoc
1200 339 1448 406 frustra
1492 342 1858 425 pollicitum
1902 364 2042 407 esse
2086 364 2268 427 prae-
2292 339 2369 403 13

253 428 454 510 dices,
490 431 586 511 te,
624 432 720 510 te,
765 427 1062 511 inquam,
1106 426 1339 511 Fanni,
1386 429 1468 493 ab
1507 430 1637 494 tuis
1675 429 2002 494 subselliis
2039 434 2266 497 contra

249 520 319 581 te
372 519 612 580 testem
668 515 1014 581 suscitabo,
1104 514 1486 583 Criminatio
1541 521 1657 582 tua
1707 539 1872 601 quae
1919 518 2060 582 est?
2142 518 2269 583 Ro·

251 605 460 669 scium
515 625 661 669 cum
706 601 934 668 Flavio
980 625 1101 687 pro
1148 604 1457 669 societate
1502 605 1828 670 decidisse.
1921 605 2062 681 Quo
2109 609 2267 670 tem·

166 708 194 749 ⁶
249 691 457 778 pore?
549 690 808 755 Abhinc
871 691 1057 755 annis
1107 709 1218 757 xv.
1316 692 1623 757 Defensio
1687 715 1833 758 mea
1895 715 2059 778 quae
2122 693 2266 757 est?

249 779 564 845 Roscium
617 801 738 863 pro
796 800 913 842 sua
960 782 1146 862 parte
1193 801 1337 844 cum
1381 780 1608 845 Flavio
1653 782 2067 867 transegisse.
2147 780 2270 845 Re-

245 867 588 953 promittis
644 870 717 930 tu
774 866 1009 931 abhinc
1061 867 1413 932 triennium
1457 868 1709 934 Roscio.
1792 868 2002 944 Quid?
2066 869 2269 934 recita

246 957 454 1020 istam
498 954 1059 1039 restipulationem
1106 955 1361 1020 clarius.
1438 956 1739 1040 Attende,
1787 978 2044 1041 quaeso,
2087 957 2268 1040 Piso;

245 1043 576 1108 Fannium
637 1042 916 1107 invitum
971 1045 1037 1106 et
1090 1043 1216 1107 huc
1271 1046 1467 1127 atque
1518 1044 1676 1109 illuc
1727 1045 2268 1130 tergiversantem

167 1149 222 1189 10
248 1130 704 1197 testimonium
750 1133 979 1194 contra
1024 1150 1093 1193 se
1139 1129 1348 1194 dicere
1394 1152 1575 1216 cogo.
1656 1131 1823 1207 Quid
1868 1132 2038 1195 enim
2082 1133 2267 1196 resti-

246 1216 528 1305 pulatio'
547 1218 830 1282 clamat?
896 1233 1087 1295 quon
1124 1235 1170 1280 A
1214 1234 1473 1282 FLAVIO
1519 1235 1943 1299 Asssrunnno,
1986 1236 2271 1281 PARTEM

246 1322 597 1372 mmmm
631 1323 802 1369 mm:
840 1321 1092 1371 Rosc1o
1129 1322 1225 1368 ΜΕ
1265 1321 1685 1370 sonurumm
1720 1322 2058 1370 spommo.
2129 1304 2270 1370 Tua

247 1417 383 1460 vox
437 1397 566 1476 est,
619 1391 844 1457 Fanni.
936 1391 1105 1468 Quid
1157 1396 1232 1457 tu
1289 1392 1539 1457 auferre
1583 1397 1770 1476 potes
1819 1416 1857 1458 a
1901 1391 2156 1476 Flavio,
2212 1393 2268 1457 si
2300 1404 2373 1454 38

249 1481 522 1547 Flavius
559 1481 724 1546 nihil
764 1480 1000 1545 debet?
1048 1480 1201 1564 quid
1236 1480 1344 1545 hic
1378 1503 1573 1566 porro
1613 1503 1784 1547 nunc
1827 1482 2269 1565 restipulatur,

167 1589 221 1630 15
253 1570 433 1655 quod
473 1570 607 1633 iam
651 1568 901 1653 pridem
947 1568 1085 1652 ipse
1125 1569 1393 1654 exegit?
1440 1569 1593 1653 quid
1637 1592 1791 1634 vero
1836 1569 2098 1636 Flavius
2144 1570 2270 1634 tibi

253 1659 528 1723 daturus
573 1660 690 1739 est,
738 1656 850 1740 qui
885 1654 1121 1722 Roscio
1169 1678 1377 1740 omne,
1422 1657 1594 1740 quod
1640 1658 1877 1740 debuit,
1924 1658 2268 1723 dissolvit?

253 1745 391 1811 Cur
444 1746 515 1809 in
567 1766 637 1809 re
692 1747 832 1808 tam
884 1747 1129 1827 vetere,
1190 1744 1262 1807 in
1314 1745 1579 1829 negotio
1635 1745 1769 1809 iam
1823 1746 2142 1826 confecto,
2199 1745 2270 1809 in

258 1833 571 1898 societate
601 1831 918 1896 dissoluta
945 1853 1115 1895 nova
1142 1830 1301 1896 haec
1338 1831 1751 1915 restipulatio
1787 1832 2268 1916 interponitur?

257 1921 404 2005 quis
458 1923 558 1985 est
603 1919 794 1983 huius
840 1918 1357 2003 restipulationis
1405 1919 1708 2001 scriptor,
1763 1918 1953 1982 testis
2001 1918 2269 1983 arbiter-

169 2030 227 2071 20
259 2008 429 2094 que?
511 2007 639 2090 Tu,
703 2005 883 2090 Piso;
938 2010 1012 2071 tu
1069 2005 1241 2070 enim
1295 2003 1369 2080 Q.
1413 2003 1720 2070 Roscium
1773 2027 1892 2090 pro
1950 2028 2147 2090 opera
2197 2028 2271 2074 ac

255 2098 505 2180 labore,
551 2095 725 2180 quod
762 2094 1061 2179 cognitor
1095 2092 1347 2176 fuisset,
1393 2092 1565 2176 quod
1600 2093 1969 2158 vadimonia
2006 2094 2270 2178 obisset,

255 2185 531 2271 rogasti,
575 2187 650 2248 ut
684 2182 933 2247 Fannio
971 2182 1158 2246 daret
1193 2178 1305 2245 HS
1349 2197 1667 2248 00100100
1713 2181 1836 2246 hac
1881 2182 2270 2266 condicione,

257 2278 353 2356 ut,
399 2272 456 2337 si
502 2271 658 2356 quid
699 2271 813 2334 ille
859 2269 1181 2355 exegisset
1227 2292 1267 2334 a
1310 2268 1558 2352 Flavio,
1601 2273 1855 2354 partem
1902 2270 2038 2335 eius
2086 2270 2270 2335 dimi-

260 2362 438 2426 diam
473 2358 711 2423 Roscio
754 2358 1153 2423 dissolveret.
1234 2354 1491 2422 Satisne
1534 2358 1679 2441 ipsa
1723 2359 2135 2444 restipulatio
2183 2359 2271 2424 di-

174 2465 233 2508 25
263 2470 405 2514 cere
458 2447 584 2511 tibi
645 2446 900 2511 videtur
963 2448 1185 2528 aperte
1240 2444 1549 2511 Roscium
1609 2467 1729 2530 pro
1793 2468 1862 2510 se
1918 2447 2272 2513 decidisse?

263 2537 355 2600 At
415 2535 588 2599 enim
640 2533 920 2598 forsitan
973 2532 1097 2597 hoc
1148 2532 1272 2596 tibi
1316 2533 1535 2598 veniat
1579 2533 1649 2596 in
1694 2538 2002 2619 mentem,
2055 2558 2272 2619 repro·
2308 2553 2375 2603 39

261 2624 517 2690 misisse
561 2621 883 2686 Fannium
926 2619 1190 2702 Roscio,
1246 2620 1304 2683 si
1358 2621 1511 2703 quid
1565 2643 1605 2684 a
1648 2619 1876 2686 Flavio
1933 2623 2272 2707 exegisset,

267 2712 405 2775 eius
475 2713 731 2794 partem
804 2708 1164 2790 dimidiam,
1236 2707 1349 2770 sed
1413 2707 1673 2771 omnino
1737 2709 2025 2794 exegisse
2088 2709 2272 2774 nihil.

267 2797 436 2876 Quid
470 2797 657 2862 tum?
720 2795 872 2861 Non
905 2795 1148 2860 exitum
1186 2795 1559 2878 exactioniS,
1605 2796 1716 2859 sed
1756 2796 2014 2860 initium
2058 2817 2271 2881 repro·

181 2903 237 2945 so
263 2885 595 2952 missionis
624 2887 915 2969 spectare
945 2883 1156 2948 debes.
1220 2881 1444 2966 Neque
1475 2882 1530 2946 si
1565 2883 1679 2946 ille
1707 2882 1754 2965 †
1778 2883 1849 2947 in
1889 2905 1963 2947 eo
2010 2904 2272 2966 sequen·

263 2975 436 3057 dum,
472 2995 622 3056 non,
656 2972 826 3056 quod
862 2972 932 3035 in
968 2992 1036 3034 se
1071 2970 1215 3049 fuit,
1250 2970 1559 3035 iudicavit
1594 2969 1902 3035 Roscium
1939 2992 2107 3053 suas,
2143 2992 2275 3034 non

264 3060 601 3128 societatis
628 3061 780 3124 lites
808 3058 1171 3124 redemisse.
1235 3056 1404 3132 Quid
1431 3059 1488 3122 si
1515 3057 1775 3123 tandem
1802 3059 2069 3144 planum
2103 3057 2272 3123 facio

262 3153 417 3234 post
447 3147 835 3214 decisionem
860 3150 1147 3212 veterem
1172 3144 1383 3228 Rosci,
1409 3150 1562 3230 post
1588 3146 2152 3228 repromissionem
2181 3167 2274 3210 re-

264 3240 521 3303 centem
557 3236 723 3300 hanc
758 3234 966 3299 Fanni
1000 3231 1111 3297 HS
1151 3249 1441 3300 0001000
1487 3232 1807 3297 Fannium
1852 3255 1906 3297 a.
1937 3231 2011 3307 Q.
2046 3232 2273 3298 Flavio

181 3342 235 3384 85
262 3324 556 3409 Panurgi
580 3323 840 3389 nomine
873 3320 1264 3387 abstulisse?
1310 3324 1531 3384 tamen
1566 3320 1808 3384 diutius
1844 3320 2114 3386 illudere
2150 3321 2282 3387 viri
2325 3367 2328 3373 ·

264 3411 502 3497 optimi
549 3410 1040 3492 existimationi,
1086 3408 1159 3483 Q.
1195 3406 1416 3490 Rosci,
1464 3407 1768 3472 audebit?
2338 3467 2381 3529 4

337 3504 344 3510 ’
398 3498 604 3564 Paulo
669 3502 819 3564 ante
884 3496 1312 3582 quaerebam,
1366 3495 1432 3560 id
1496 3495 1667 3579 quod
1725 3495 2137 3564 vehementer
2194 3498 2274 3565 ad
2297 3468 2380 3593 ἕο

2356 3832 2429 3859 ..θ’
