2566 4016
941 212 1093 269 CAP.
1124 218 1262 267 2-4
1301 219 1331 279 ς
1368 219 1557 267 5-13.
2137 212 2263 279 103

242 356 533 421 omnium
577 377 773 421 causa
819 356 902 421 ad
946 378 1090 424 eam
1134 359 1389 441 partem
1436 357 1780 422 accessisse
1826 357 1918 421 rei
1966 356 2263 441 publicae

241 443 705 527 sublevandae,
754 465 917 527 quae
962 444 1240 509 maxime
1287 445 1635 510 laboraret.

374 531 582 615 Nunc,
629 532 954 615 quoniam,
999 533 1232 615 quibus
1274 533 1467 598 rebus
1514 532 1828 600 adductus
1875 532 1957 598 ad
2002 554 2262 598 causam

238 621 651 702 accesserim,
705 621 1169 703 demonstravi,
1222 620 1562 686 dicendum
1616 620 1979 687 necessario
2038 625 2140 684 est
2186 620 2263 685 de

183 736 209 775 5
236 708 656 773 contentione
726 712 981 789 nostra,
1051 712 1152 791 ut,
1224 709 1294 776 in
1366 709 1815 774 constituendo
1890 712 2262 775 accusatore

236 796 395 880 quid
435 796 617 879 sequi
643 796 929 880 possitiS,
953 796 1271 862 habeatis.
1326 796 1472 881 Ego
1502 797 1593 861 sic
1606 797 1954 899 intellego,
1991 796 2261 864 iudices:

231 906 386 949 cum
416 884 495 949 de
520 884 809 968 pecuniis
836 884 1210 969 repetundis
1247 905 1484 949 nomen
1522 885 1882 970 cuiuspiam
1918 884 2264 966 deferatur,

229 973 290 1036 si
336 976 671 1038 certamen
715 972 887 1036 inter
925 972 1186 1072 aliquos
1234 973 1348 1055 sit,
1402 972 1507 1040 cui
1550 973 1960 1057 potissimum
2020 973 2260 1039 delatio

227 1061 455 1142 detur,
514 1059 674 1124 haee
729 1060 856 1125 duo
919 1059 990 1124 in
1049 1060 1279 1145 primis
1337 1061 1616 1144 spectari
1681 1066 2006 1144 oportere,
2070 1083 2264 1144 quem

154 1176 203 1216 10
230 1148 521 1214 maxime
585 1147 790 1212 velint
855 1151 1140 1214 actorem
1205 1169 1345 1212 esse
1410 1148 1483 1229 ii,
1549 1148 1780 1231 quibus
1846 1147 2055 1212 factae
2120 1169 2263 1212 esse

229 1238 540 1303 dicantur
592 1234 890 1317 iniuriae,
946 1239 1013 1300 et
1068 1256 1260 1318 quem
1315 1235 1580 1299 minime
1635 1235 1795 1299 velit
1852 1235 1936 1317 is,
1997 1235 2104 1317 qui
2153 1254 2262 1298 eas

225 1324 514 1389 iniurias
558 1322 788 1387 fecisse
835 1327 1166 1409 arguatur.

372 1411 452 1475 In
472 1411 596 1476 hac
614 1432 826 1495 causa,
853 1411 1112 1494 iudices,
1138 1410 1405 1476 tametsi
1432 1414 1779 1494 utrumque
1808 1431 1948 1475 esse
1977 1408 2262 1475 arbitror

223 1500 668 1587 perspicuum,
713 1502 937 1564 tamen
982 1498 1059 1563 de
1104 1503 1380 1582 utroque
1428 1499 1654 1582 dicam,
1705 1503 1770 1564 et
1817 1499 1893 1564 de
1940 1521 2017 1564 eo
2063 1499 2262 1583 priuS,

150 1615 200 1656 ιο
226 1587 415 1674 quod
469 1588 640 1672 apud
693 1608 811 1652 vos
863 1587 1215 1689 plurimum
1273 1587 1464 1652 debet
1525 1589 1769 1672 valere,
1832 1588 1957 1654 hoc
2020 1591 2121 1652 est
2185 1587 2262 1650 de

223 1678 577 1744 voluntate
613 1696 856 1758 eorum,
901 1676 1135 1758 quibus
1176 1675 1450 1741 iniuriae
1496 1676 1708 1741 factae
1756 1680 1941 1758 sunt3
1989 1697 2263 1759 quorum

225 1785 437 1831 eausa
479 1762 788 1828 iudicium
826 1762 903 1827 de
938 1763 1227 1846 pecuniis
1264 1763 1638 1846 repetundis
1678 1768 1778 1828 est
1814 1763 2263 1828 constitutum.

227 1851 531 1917 Siciliam
575 1851 974 1935 provinciam
1021 1849 1090 1916 C.
1134 1850 1373 1915 Verres
1422 1874 1538 1935 per
1587 1851 1939 1915 triennium
1985 1850 2264 1932 depopu-

225 1942 415 2006 latus
484 1960 653 2024 esse,
707 1935 1070 2004 Siculorum
1133 1938 1431 2008 civitates
1486 1941 1809 2019 vastasse,
1873 1937 2098 2001 domos
2160 1957 2262 2000 ex-

149 2058 201 2098 20
226 2029 552 2111 inanisse,
618 2028 774 2092 fana
826 2027 1144 2112 spoliasse
1208 2026 1459 2090 dicitur.
1558 2025 1843 2107 Adsunt,
1908 2028 2265 2111 queruntur

231 2116 445 2182 Siculi
487 2116 791 2199 universi,
838 2116 920 2180 ad
965 2136 1179 2179 meam
1222 2113 1436 2197 fidem,
1483 2135 1679 2196 quam
1722 2112 1970 2177 habent
2017 2116 2263 2195 specta-

229 2211 380 2270 tam
436 2204 569 2268 iam
625 2208 691 2268 et
736 2203 1096 2288 cognitam,
1149 2200 1562 2286 confugiunt,
1617 2201 1927 2266 auxilium
1977 2200 2103 2264 sibi
2147 2222 2265 2285 per

230 2313 342 2359 me
400 2314 441 2356 a
493 2291 680 2355 vobis
736 2295 931 2374 atque
987 2312 1027 2355 a
1079 2290 1307 2375 populi
1361 2289 1639 2355 Romani
1694 2289 1950 2375 legibus
2015 2292 2264 2392 petunt,

232 2402 344 2446 me
391 2379 794 2445 defensorem
832 2378 1278 2444 calamitatum
1320 2399 1600 2461 suarum,
1646 2400 1749 2444 me
1784 2379 2120 2444 ultorem
2102 2379 2265 2443 iniu-

148 2497 206 2538 25
235 2470 516 2552 riarum,
568 2489 672 2532 me
718 2467 1120 2552 cognitorem
1166 2466 1325 2531 iuris
1374 2466 1501 2547 sui,
1552 2488 1653 2530 me
1700 2470 1986 2533 actorem
2032 2489 2265 2533 causae

234 2557 446 2622 totius
493 2576 634 2620 esse
678 2554 1040 2620 voluerunt.
1129 2551 1397 2634 Utrum,
1451 2553 1523 2628 Q.
1571 2552 1836 2637 Caecili,
1890 2555 2016 2621 hoc
2074 2555 2265 2638 dices,

234 2666 348 2710 me
405 2665 536 2709 non
591 2640 955 2708 Siculorum
1016 2645 1252 2727 rogatu
1319 2640 1400 2705 ad
1464 2662 1725 2706 causam
1791 2642 2116 2725 accedere,
2181 2663 2266 2706 an

240 2730 639 2815 optimorum
719 2729 1372 2813 fidelissimorumque
1457 2731 1776 2795 sociorum
1858 2731 2264 2795 voluntatem

239 2817 416 2904 apud
458 2819 581 2884 hos
628 2839 895 2903 gravem
942 2839 1083 2882 esse
1126 2839 1261 2882 non
1315 2818 1659 2900 oportere‘?
1745 2816 1815 2882 Si
1872 2817 1939 2881 id
1997 2816 2263 2882 audebis

150 2935 210 2976 so
239 2907 471 2990 dicere,
515 2906 690 2990 quod
735 2904 803 2970 O.
848 2903 1106 2988 Verres,
1151 2905 1255 2970 cui
1299 2908 1367 2970 te
1410 2905 1743 2971 inimicum
1789 2926 1930 2970 esse
1977 2903 2266 2989 simulas,

235 2995 521 3061 maxime
569 2993 928 3059 existimari
962 2994 1126 3076 vult,
1170 2990 1421 3058 Siculos
1459 2993 1583 3058 hoc
1619 3015 1661 3058 a
1696 3014 1799 3059 me
1835 3014 1967 3057 non
2004 2992 2266 3076 petisse,

149 3126 153 3131 -
234 3084 523 3170 primum
578 3103 839 3147 causam
894 3080 1141 3146 inimici
1193 3081 1291 3145 tui
1348 3080 1746 3166 sublevabis,
1811 3079 1889 3145 de
1944 3101 2072 3163 quo
2132 3100 2266 3145 non

233 3170 723 3271 praeiudicium,
769 3169 884 3234 sed
925 3169 1122 3253 plane
1165 3168 1474 3234 iudicium
1518 3169 1648 3233 iam
1696 3167 1940 3233 factum
1978 3171 2267 3251 putatur,

236 3259 414 3344 quod
475 3259 574 3322 ita
635 3257 1063 3342 percrebruit,
1130 3253 1382 3321 Siculos
1448 3277 1671 3321 omnes
1751 3259 2038 3321 actorem
2111 3278 2265 3322 suae

149 3374 207 3416 ss
233 3368 474 3414 causae
541 3349 770 3411 contra
831 3345 1010 3409 illius
1075 3344 1345 3409 iniurias
1411 3344 1755 3427 quaesisse.
1864 3343 2007 3409 Hoc
2063 3344 2117 3409 si
2174 3349 2266 3430 tu,

232 3436 539 3501 inimicus
587 3433 742 3512 eius,
777 3433 1024 3498 factum
1067 3431 1368 3517 negabis,
1415 3431 1589 3514 quod
1631 3431 1790 3516 ipse,
1838 3433 1939 3499 cui
1986 3434 2265 3500 maxime

233 3523 398 3588 haec
435 3544 541 3587 res
579 3522 819 3605 obstat,
864 3541 1105 3606 negare
1148 3541 1280 3585 non
1327 3519 1538 3604 audet,
1582 3520 1820 3606 videto,
1865 3544 1945 3588 ne
1990 3523 2266 3588 nimium

2303 554 2371 602 10

2298 1375 2368 1500 ‘1¹1

2305 2575 2372 2625 12

2306 3366 2373 3415 13
