2566 4016
859 158 1009 215 CAP.
1053 166 1262 216 10—13
1299 167 1329 227 ς
1367 168 1592 217 29—36.
2155 166 2243 229 43

219 306 289 371 Is
350 327 495 371 cum
552 307 869 386 curasset,
932 304 1002 369 in
1054 302 1278 369 funere
1334 303 1405 370 O.
1459 304 1627 371 Mari
1679 309 1753 371 ut
1807 304 1880 381 Q.
1935 305 2246 374 Scaevola

220 395 700 475 vulneraretur,
757 392 857 456 vir
904 392 1351 457 sanctissimus
1399 396 1593 478 atque
1639 395 2089 461 ornatissimus
2133 418 2246 462 no-

221 486 398 547 strae
445 480 764 563 civitatis,
810 479 887 544 de
934 480 1114 545 cuius
1161 481 1350 545 laude
1393 502 1602 565 neque
1646 481 1753 547 hic
1800 484 1978 547 locus
2025 486 2127 548 est
2173 488 2247 549 ut

221 572 431 636 multa
468 569 767 635 dicantur
802 589 1009 652 neque
1046 569 1237 652 plura
1281 573 1505 634 tamen
1541 569 1667 635 dici
1711 574 2005 654 possunt,
2049 592 2245 654 quam

161 684 192 724 s
217 658 498 743 populus
565 655 897 723 Romanus
961 656 1275 721 memoria
1338 657 1605 740 retinet,
1670 658 1840 723 diem
1899 655 2245 724 Scaevolae

218 746 412 829 dixit,
467 748 897 829 posteaquam
954 745 1270 828 comperit
1327 767 1473 809 eum
1516 766 1710 830 posse
1756 747 1990 811 vivere.
2081 744 2244 811 Cum

215 834 304 899 ab
335 854 411 897 eo
444 835 879 916 quaereretur,
927 832 1081 916 quid
1115 832 1381 897 tandem
1417 837 1835 899 accusaturus
1873 838 2046 899 esset
2082 856 2246 917 eum,

216 942 416 1007 quem
460 920 580 1004 p'ro
624 919 944 1005 dignitate
979 942 1062 983 ne
1100 920 1368 985 laudare
1406 921 1666 1004 quidem
1703 922 2045 1007 quisquam
2082 923 2245 987 satis

214 1008 556 1076 commode
618 1011 869 1092 posset,
933 1008 1116 1072 aiunt
1180 1008 1537 1087 hominem,
1602 1013 1675 1075 ut
1742 1014 1881 1074 erat
1942 1010 2244 1093 furiosuS,

137 1121 189 1161 10
213 1095 657 1181 respondisse:
698 1094 892 1178 ‘quod
923 1116 1055 1161 non
1081 1099 1296 1160 totum
1324 1097 1530 1161 telum
1558 1118 1827 1181 corpore
1855 1096 2243 1180 recepisset’.

212 1184 358 1261 Quo
408 1184 690 1269 populus
735 1183 1067 1249 Romanus
1112 1183 1280 1248 nihil
1326 1184 1490 1248 vidit
1533 1184 1862 1268 indignius
1906 1184 2037 1248 nisi
2084 1185 2244 1248 eius·

212 1274 367 1339 dem
430 1271 554 1336 viri
617 1275 925 1353 mortem,
997 1291 1162 1354 quae
1233 1274 1491 1335 tantum
1562 1272 1808 1356 potuit,
1881 1275 1953 1336 ut
2023 1293 2244 1336 omnes

212 1362 392 1427 cives
451 1359 806 1444 perdiderit
862 1361 929 1424 et
985 1358 1331 1459 adfligerit3
1396 1380 1556 1442 quos
1614 1359 1766 1443 quia
1820 1380 2076 1424 servare
2129 1382 2247 1444 per

137 1561 190 1602 2.
213 1451 762 1602 ffifflfflffii
797 1446 1293 1618 ἶὲἒῖὲᾝᾷἕὲθ
1314 1446 1490 1601 εέἂο
1505 1450 2247 1601 ”3133355310212533'2

215 1624 446 1690 mum‘?
537 1621 880 1687 Accusatis
928 1620 1068 1686 Sex.
1115 1621 1440 1688 Roscium.
1526 1621 1695 1699 Quid
1738 1624 1877 1690 ita?
1959 1623 2125 1700 Quia
2171 1624 2248 1689 de

216 1712 525 1778 manibus
562 1710 800 1775 vestris
840 1710 1085 1796 effugit,
1133 1711 1287 1794 quia
1322 1733 1391 1776 se
1428 1711 1631 1777 occidi
1675 1733 1907 1796 passus
1953 1733 2086 1777 non
2130 1717 2247 1776 est.

214 1799 425 1881 Illud,
479 1798 630 1881 quia
682 1798 752 1864 in
797 1794 1111 1864 Scaevola
1162 1798 1410 1864 factum
1467 1803 1595 1880 est,
1649 1800 1860 1884 magis
1908 1799 2249 1882 indignum

217 1886 499 1968 videtur,
535 1885 673 1969 hoc,
712 1886 865 1970 quia
900 1886 976 1949 fit
1005 1909 1044 1950 a
1072 1884 1517 1971 Chrysogono,
1553 1908 1711 1951 num
1738 1890 1839 1951 est
1864 1885 2247 1951 ferendum?

132 2000 189 2041 20
219 1973 399 2040 Nam
434 1995 551 2058 per
586 1974 737 2040 deos
776 1974 1207 2040 immortales!
1247 1974 1402 2057 quid
1441 1976 1540 2038 est
1573 1973 1644 2037 in
1680 1972 1804 2038 hac
1840 1993 2034 2038 causa
2077 1974 2249 2057 quod

220 2062 615 2129 defensionis
669 2061 1004 2148 indigeat?
1062 2062 1171 2145 qui
1227 2062 1408 2126 locus
1465 2061 1797 2146 ingenium
1842 2062 2105 2145 patroni
2150 2084 2249 2126 re-

219 2151 427 2236 quirit
465 2154 580 2215 aut
610 2150 889 2215 oratoris
920 2149 1361 2233 eloquentiam
1389 2170 1629 2235 magno
1658 2170 1854 2233 opere
1882 2148 2248 2214 desiderat?

220 2240 459 2305 Totam
506 2259 795 2320 causam,
841 2238 1100 2322 iudices,
1149 2238 1540 2322 explicemus
1589 2240 1785 2321 atque
1828 2241 1979 2302 ante
2026 2238 2248 2303 oculos

221 2327 589 2411 expositam
636 2326 1139 2409 consideremus3
1184 2326 1281 2390 ita
1318 2326 1647 2409 facillime,
1693 2347 1859 2409 quae
1896 2348 1997 2390 res
2035 2330 2249 2393 totum

140 2440 194 2482 25
222 2414 534 2481 iudicium
598 2413 955 2496 contineat,
1028 2418 1093 2478 et
1159 2414 1392 2497 quibus
1458 2414 1535 2478 de
1596 2414 1790 2479 rebus
1854 2435 1974 2479 nos
2040 2415 2249 2482 dicere

223 2505 545 2588 oporteat,
591 2505 658 2566 et
704 2502 858 2586 quid
903 2523 1018 2568 vos
1064 2502 1247 2585 sequi
1294 2501 1665 2584 conveniat,
1708 2502 2127 2587 intellegetis.

357 2590 516 2655 Tres
582 2593 736 2654 sunt
794 2611 898 2654 res
907 2640 925 2673 ,
991 2592 1307 2672 quantum
1363 2610 1485 2675 ego
1541 2589 1910 2655 existimare
1964 2612 2248 2674 possum,
2273 2571 2350 2632 13

224 2701 394 2762 quae
449 2679 714 2743 obstent
775 2678 900 2743 hoc
963 2681 1256 2761 tempore
1314 2673 1456 2742 Sex.
1510 2677 1746 2743 Roscio
1839 2678 2082 2743 crimen
2146 2677 2251 2745 ad·

224 2765 665 2833 versariorum
729 2770 796 2829 et
860 2765 1128 2831 audacia
1192 2769 1258 2829 et
1321 2765 1638 2849 potentia.
1733 2728 2041 2830 &riminis
2106 2785 2251 2829 con·

139 2880 194 2922 so
221 2853 553 2920 fictionem
610 2857 948 2920 accusator
992 2851 1266 2919 Erucius
1315 2853 1622 2937 suscepit,
1680 2853 1983 2918 audaciae
2029 2856 2249 2937 partes

217 2941 443 3008 Roscii
496 2941 624 3006 sibi
678 2945 1139 3027 poposcerunt,
1204 2939 1666 3027 Chrysogonus
1727 2943 1971 3022 autem,
2034 2939 2090 3003 is
2140 2939 2252 3022 qui

219 3030 579 3116 plurimum
624 3033 862 3114 potest,
906 3030 1204 3114 potentia
1246 3033 1516 3114 pugnat.
1589 3029 1688 3094 De
1733 3028 1911 3094 hisce
1948 3027 2248 3092 omnibus

2285 1556 2352 1606 34

2287 2646 2350 2695 35

220 3119 416 3183 rebus
464 3139 567 3182 me
615 3117 824 3184 dicere
872 3122 1170 3203 oportere
1215 3117 1549 3203 intellego.
1640 3115 1808 3191 Quid
1854 3115 2054 3200 igitur
2100 3115 2243 3179 est?
2284 3137 2353 3184 36

220 3203 374 3272 Non
429 3206 656 3271 eodem
710 3207 902 3271 modo
962 3206 1039 3270 de
1087 3206 1385 3273 omnibus
1399 3257 1415 3288 ,
1467 3206 1610 3271 ideo
1660 3203 1831 3288 quod
1875 3202 2088 3287 prima
2132 3202 2250 3267 illa

135 3317 192 3360 ⁸⁵
220 3315 325 3360 res
384 3294 466 3359 ad
524 3315 738 3358 meum
797 3293 1082 3361 officium
1126 3294 1439 3380 pertinet,
1495 3292 1653 3357 duas
1700 3294 1919 3356 autem
1964 3291 2247 3376 reliquas

221 3382 412 3447 vobis
459 3381 743 3468 populus
788 3381 1117 3449 Romanus
1165 3381 1503 3466 imposuit3
1550 3400 1671 3465 ego
1708 3378 1955 3445 crimen
1989 3385 2269 3465 oportet,

224 3469 495 3556 diluam,
560 3491 677 3536 vos
744 3475 810 3535 et
866 3470 1168 3536 audaciae
1224 3469 1528 3534 resistere
1584 3472 1649 3532 et
1704 3468 2041 3534 hominum
2106 3470 2245 3535 eius
