2566 4016
836 206 985 261 CAP.
1027 213 1237 262 50-52
1275 214 1306 273 ἓ
1348 215 1637 263 145-151.
2174 211 2255 275 79

222 374 361 419 non
414 371 573 417 sane
627 353 704 415 ut
743 350 1021 417 moleste
1063 348 1235 416 ferre
1281 351 1638 416 adversarii
1684 351 1989 437 debeant,
2040 376 2252 439 neque

224 445 303 507 ut
344 461 416 505 se
463 438 765 523 potentia
808 438 1101 522 superari
1144 441 1398 523 putent.
1487 438 1667 515 Quae
1715 439 1889 503 domi
1935 442 2219 526 gerenda
2259 464 2359 512 149

224 531 408 611 sunt,
476 548 554 592 ea
605 548 725 610 per
778 524 1127 591 Caeciliam
1181 526 1660 612 transiguntur,
1720 526 1849 591 fori
1911 528 2254 613 iudiciique

223 616 551 716 rationem
615 614 713 681 M.
761 613 1098 697 Messalla,
1158 618 1234 680 ut
1288 614 1550 698 videtis,
1612 613 1883 699 iudices,
1945 617 2254 701 suscepit,

171 731 198 773 5
225 705 340 789 qui
386 703 443 767 si
487 703 620 768 iam
670 701 832 766 satis
878 702 1116 766 aetatis
1163 725 1238 768 ac
1282 703 1538 768 roboris
1584 703 1882 787 haberet,
1938 704 2080 787 ipse
2135 726 2255 787 pro

224 791 375 858 Sex.
398 789 639 856 Roscio
677 790 944 873 diceret3
985 789 1292 873 quoniam
1321 790 1402 855 ad
1429 790 1765 856 dicendum
1790 790 2252 876 impedimento

226 884 332 947 est
386 881 569 944 aetas
616 881 682 942 et
725 877 959 961 pudor,
1015 877 1126 961 qui
1173 882 1365 944 ornat
1409 883 1722 962 aetatem,
1775 885 2036 946 causam
2091 879 2254 945 mihi

224 966 526 1049 tradidit,
583 986 776 1049 quem
823 987 941 1030 sua
985 987 1179 1031 causa
1223 988 1456 1052 cupere
1514 988 1588 1032 ac
1635 929 1864 1031 de⁷bere
1913 968 2255 1054 intellege-

227 1057 371 1137 bat,
426 1054 567 1137 ipse
623 1052 1029 1137 assiduitate,
1083 1054 1384 1138 consilio,
1439 1055 1854 1138 auctoritate,
1916 1056 2254 1139 diligentia

151 1171 202 1211 ιο
226 1141 518 1227 perfecit,
554 1144 629 1205 ut
656 1137 798 1205 Sex.
825 1139 1021 1206 Rosci
1047 1142 1188 1206 vita
1224 1145 1449 1225 erepta
1485 1143 1562 1206 de
1602 1142 1900 1241 manibus
1931 1147 2254 1207 sectorum

229 1228 572 1297 sententiis
626 1227 909 1293 iudicum
974 1228 1480 1313 permitteretur.
1578 1228 1931 1313 Nimirum,
1993 1229 2255 1313 iudices,

227 1339 353 1402 pro
416 1314 538 1381 hac
598 1315 945 1381 nobilitate
1007 1338 1161 1399 pars
1216 1316 1500 1380 maxima
1566 1315 1850 1381 civitatis
1924 1317 1994 1380 in
2055 1316 2254 1381 armis

227 1405 385 1488 fuit3
428 1404 589 1470 haec
635 1407 780 1469 aeta
824 1425 929 1469 res
974 1408 1095 1488 est,
1138 1407 1215 1468 ut
1257 1404 1307 1468 ii
1351 1404 1603 1469 nobiles
1648 1404 2143 1469 restituerentur
2185 1405 2257 1470 in

229 1493 591 1575 civitatem,
659 1492 771 1575 qui
834 1492 959 1557 hoc
1009 1490 1324 1576 facerent,
1388 1492 1559 1576 quod
1611 1490 1824 1557 facere
1876 1493 2254 1559 Messallam

148 1608 203 1650 ιιι
227 1581 484 1664 videtis,
533 1580 645 1663 qui
688 1583 886 1679 caput
927 1580 1290 1645 innocentis
1339 1580 1772 1664 defenderent,
1822 1582 1937 1664 qui
1979 1581 2253 1646 iniuriae

230 1668 641 1768 resisterent,
696 1666 834 1767 qui,
888 1671 1202 1750 quantum
1257 1672 1553 1753 possent,
1611 1668 1681 1733 in
1727 1670 1937 1734 salute
1985 1670 2252 1734 alterius

231 1779 429 1842 quam
494 1756 566 1821 in
628 1754 827 1820 exitio
889 1755 1164 1820 mallent
1218 1756 1583 1840 ostendere3
1647 1757 1819 1839 quod
1886 1757 1942 1821 si
2010 1778 2254 1839 omnes,

232 1845 348 1928 qui
392 1843 614 1908 eodem
660 1843 804 1908 loco
846 1843 990 1908 nati
1035 1847 1212 1925 sunt,
1254 1843 1562 1926 facerent,
1609 1846 1674 1907 et
1718 1864 1822 1907 res
1868 1843 2132 1926 publica
2178 1864 2256 1907 ex

232 1932 373 1997 illis
420 1934 485 1994 et
527 1930 654 2016 ipsi
699 1952 777 1995 ex
820 1930 1064 1995 invidia
1107 1931 1322 1995 minus
1368 1893 1763 1994 laborarent.

147 2049 206 2089 ιο
367 2017 609 2084 Verum
646 2019 704 2084 si
740 2042 780 2084 a
822 2018 1267 2104 Chrysogono,
1302 2017 1565 2100 iudices,
1607 2038 1741 2081 non
1774 2017 2218 2102 impetramus,
2237 1997 2360 2123 ἑξ

231 2113 307 2175 ut
358 2107 632 2193 pecunia
681 2111 911 2173 nostra
960 2109 1306 2171 contentus
1361 2105 1477 2189 sit,
1533 2105 1740 2170 vitam
1792 2126 1875 2169 ne
1928 2108 2143 2189 petat,
2197 2107 2255 2171 si

231 2198 345 2262 ille
392 2195 621 2261 adduci
663 2216 796 2261 non
837 2197 1081 2279 potest,
1123 2197 1218 2277 ut,
1260 2215 1408 2260 eum
1449 2192 1762 2258 ademerit
1797 2194 1988 2258 nobis
2018 2193 2255 2279 omnia,

233 2306 399 2370 quae
451 2286 682 2349 nostra
734 2287 923 2347 erant
982 2282 1276 2384 propria,
1331 2303 1416 2347 ne
1478 2282 1686 2348 lucem
1752 2302 2005 2367 quoque
2067 2283 2255 2366 hanc,

231 2394 401 2457 quae
444 2372 804 2437 communis
852 2374 969 2454 est,
1015 2371 1261 2455 eripere
1304 2369 1545 2455 cupiat,
1589 2370 1647 2434 si
1684 2391 1817 2435 non
1853 2371 2016 2436 satis
2052 2371 2254 2436 habet

149 2487 207 2529 ιο
234 2460 585 2527 avaritiam
631 2481 816 2524 suam
855 2458 1127 2541 pecunia
1162 2458 1438 2542 explere,
1479 2458 1610 2523 nisi
1646 2459 1849 2524 etiam
1885 2459 2256 2524 crudelitati

234 2549 501 2634 sanguis
546 2545 880 2631 praebitus
927 2547 1041 2631 sit,
1097 2568 1298 2611 unum
1353 2545 1749 2631 perfugium,
1802 2546 2072 2629 iudiceS,
2125 2568 2257 2610 una

235 2658 386 2720 spes
430 2636 683 2719 reliqua
728 2637 828 2699 est
873 2596 1041 2699 Sex.
1049 2633 1305 2718 Roscio,
1351 2633 1573 2698 eadem
1611 2655 1775 2718 quae
1810 2635 1907 2699 rei
1940 2634 2257 2717 publicae,

233 2727 458 2789 vestra
534 2722 816 2808 pristina
894 2722 1157 2787 bonitas
1240 2725 1308 2786 et
1377 2720 1833 2787 misericordia.
1950 2721 2128 2798 Quae
2199 2720 2259 2784 si

235 2815 477 2894 manet,
511 2811 679 2876 salvi
725 2810 923 2875 etiam
964 2831 1135 2875 nunc
1180 2830 1321 2874 esse
1365 2830 1738 2894 possumus3
1774 2810 1874 2873 sin
1921 2829 1999 2872 ea
2041 2806 2257 2874 crude·

151 2899 421 2982 solitas,
484 2920 648 2983 quae
702 2898 827 2963 hoc
876 2901 1170 2999 tempore
1227 2897 1300 2962 in
1358 2918 1430 2961 re
1492 2896 1756 2981 publica
1816 2899 2076 2963 versata
2138 2898 2257 2978 est,

233 2991 489 3053 vestros
544 3008 798 3070 quoque
863 2986 1113 3050 animos
1177 2983 1272 3068 (id
1336 2984 1506 3069 quod
1566 2984 1709 3049 fieri
1769 2982 2060 3068 profecto
2125 3002 2259 3045 non

233 3073 485 3162 potest)
547 3073 838 3139 duriores
912 3073 1401 3156 acerbioresque
1470 3071 1775 3155 reddidit,
1849 3074 2065 3135 aetum
2139 3072 2257 3153 est,

232 3163 506 3245 iudiees3
558 3163 730 3226 inter
782 3161 955 3225 feras
1012 3160 1217 3226 satius
1271 3164 1375 3225 est
1433 3163 1716 3224 aetatem
1771 3158 2002 3243 degere
2061 3177 2258 3241 quam

232 3252 307 3316 in
362 3251 488 3316 hac
546 3252 736 3314 tanta
795 3249 1203 3314 immanitate
1265 3248 1529 3313 versari.
1627 3245 1734 3310 Ad
1795 3265 2021 3310 eamne
2083 3264 2221 3308 rem
2262 3263 2360 3313 151

153 3364 209 3406 ss
235 3360 354 3404 vos
400 3337 718 3403 reservati
762 3337 940 3421 estis,
981 3336 1068 3401 ad
1112 3357 1337 3401 eamne
1381 3356 1520 3400 rem
1557 3333 1810 3416 delecti,
1853 3336 1930 3397 ut
1965 3353 2076 3398 eos
2113 3352 2259 3397 con·

235 3425 658 3509 demnaretis,
732 3446 892 3509 quos
966 3428 1247 3489 sectores
1321 3443 1397 3487 ac
1468 3421 1686 3486 sicarii
1758 3383 2055 3507 iugulare
2124 3441 2260 3485 non

235 3513 650 3596 potuissent?
775 3509 1001 3577 Solent
1080 3512 1205 3578 hoc
1285 3510 1442 3575 boni
1519 3509 1947 3594 imperatores
2029 3509 2259 3591 facere,
