2566 4016
692 207 827 262 ΜΒ.
867 208 921 260 11
986 205 1143 263 CAP.
1182 213 1394 262 54—56
1431 214 1462 274 s
1501 170 1796 264 1344139.
2127 212 2257 277 249

241 375 443 442 genus
493 352 760 436 aliquod
805 350 1188 416 hominum?
1277 350 1452 417 Nam
1500 357 1614 418 aut
1655 353 1912 437 publice
1959 354 2258 421 civitates

238 446 401 509 istos
456 443 739 507 honores
795 440 1042 506 habent
1094 442 1210 505 aut
1265 439 1359 505 sic
1405 442 1767 526 generatim
1810 442 2105 509 homines
2113 495 2130 528 ,
2185 451 2260 510 ut

241 538 552 614 aratores,
579 533 656 594 ut
682 532 1095 612 mercatores,
1122 532 1197 594 ut
1222 528 1633 613 navicularii,
1673 552 1969 596 censores
1999 533 2257 615 quidem

241 621 352 705 qui
397 617 610 704 magis
650 637 854 705 ,quam
899 616 1186 681 aediles?
1260 615 1361 682 Ob
1407 617 1834 683 beneficium?
1905 618 2087 705 Ergo
2133 621 2257 686 1100

190 725 215 767 ⁵
239 709 556 790 fatebere,
621 706 737 771 abs
801 709 869 770 te
932 705 1092 769 11300
1152 705 1364 790 pertita
1418 726 1558 770 esse
1614 703 1797 794 (nam
1853 712 2075 792 empta
2125 729 2259 774 non

244 795 510 862 audebis
563 790 834 880 dicere);
897 797 964 856 te
1008 812 1121 857 cos
1168 792 1598 879 magistratus
1644 794 2017 860 hominibus
2064 797 2256 862 bene·

240 885 370 950 ficii
376 935 394 969 ,
456 904 589 948 non
652 881 747 946 rei
804 881 1103 966 publicae
1162 903 1359 946 causa
1402 883 1820 967 permisisse?
1919 882 2062 949 Hoc
2109 907 2256 950 cum

240 977 382 1038 tute
421 972 690 1054 fateare,
737 968 1082 1053 quisquam
1128 970 1475 1055 dubitabit,
1522 971 1678 1055 quin
1722 976 1796 1035 tu
1839 972 2038 1036 istam
2086 973 2258 1057 apud

239 1061 517 1146 populos
569 1058 941 1142 provinciae
984 1057 1188 1122 totius
1233 1058 1548 1124 invidiam
1594 1063 1790 1143 atque
1836 1060 2256 1126 offensionem

162 1175 215 1216 10
240 1171 373 1214 non
410 1146 790 1212 ambitionis
826 1166 1034 1230 neque
1068 1146 1528 1211 beneficiorum
1564 1148 2106 1232 collocandorum,
2144 1150 2257 1214 sed

242 1235 551 1322 pecuniae
604 1233 1042 1299 conciliandae
1099 1254 1296 1299 causa
1354 1236 1756 1319 susceperis?
1837 1234 2067 1320 Itaque
2118 1237 2220 1301 1111
2261 1250 2363 1299 138

244 1344 542 1389 censores
604 1322 896 1388 fecerunt
957 1321 1155 1406 idem,
1215 1323 1392 1406 quod
1453 1323 1523 1386 in
1584 1327 1811 1388 nostra
1870 1346 1942 1389 re
1995 1325 2259 1408 publica

244 1412 458 1477 solent
492 1411 559 1495 ii,
596 1412 709 1495 qui
744 1432 860 1495 per
897 1409 1319 1496 largitionem
1356 1411 1783 1497 magistratus
1821 1412 2041 1498 adepti
2079 1418 2258 1497 sunt3

243 1501 558 1565 dederunt
592 1520 877 1584 operam,
916 1501 992 1563 ut
1027 1498 1123 1563 ita
1158 1503 1558 1583 potestatem
1597 1504 1914 1586 gererent,
1957 1504 2033 1565 ut
2069 1501 2257 1566 illam

158 1615 212 1657 15
242 1589 541 1654 lacunam
589 1587 684 1652 rei
728 1586 1074 1651 familiaris
1119 1587 1471 1672 explerent.
1563 1585 1669 1653 Sic
1715 1610 1942 1653 census
1992 1589 2257 1655 habitus

242 1682 346 1742 est
398 1681 464 1741 te
511 1679 837 1761 praetore,
891 1678 968 1739 ut
1013 1696 1088 1741 eo
1135 1682 1329 1740 ce‘nsu
1374 1675 1618 1740 nullius
1665 1676 1948 1741 civitatis
1992 1698 2097 1741 res
2142 1701 2257 1762 pu·

240 1766 417 1829 blica
452 1769 676 1848 posset
713 1762 1181 1846 administrari3
1208 1784 1380 1828 Ι113111
1417 1764 1914 1848 locupletissimi
1951 1765 2258 1848 cuiusque

244 1873 510 1917 censum
562 1856 1014 1935 extenuarant,
1065 1850 1432 1916 tenuissimi
1488 1856 1817 1918 auxerant.
1905 1851 2136 1936 Itaque
2190 1853 2260 1917 in

240 1939 512 2005 tributis
556 1939 950 2024 imperandis
995 1944 1253 2004 tantum
1302 1938 1515 2003 oneris
1561 1938 1741 2024 plebi
1784 1940 2259 2026 imponebatur,

153 2059 213 2099 20
242 2034 345 2114 ut,
402 2028 661 2094 etiamsi
713 2028 1010 2093 homines
1055 2032 1373 2111 tacerent,
1427 2049 1530 2091 res
1574 2028 1721 2112 ipsa
1759 2028 1947 2092 illum
1996 2050 2257 2094 censum

240 2117 632 2203 repudiaret,
676 2117 744 2181 id
782 2117 953 2200 quod
988 2115 1289 2201 intellegi
1322 2115 1634 2181 facillime
1673 2118 1767 2196 [re
1803 2116 1973 2200 ipsa]
1993 2121 2257 2201 potest.

239 2204 417 2271 Nam
477 2204 550 2270 L.
597 2204 929 2289 Metellus,
1004 2204 1140 2288 qui,
1211 2208 1638 2289 posteaquam
1703 2225 1825 2289 ego
1892 2205 2258 2288 inquirendi
2277 2204 2363 2268 56

116 2358 125 2363 .
242 2314 442 2359 031103
502 2293 573 2355 111
637 2291 924 2358 Siciliam
987 2293 1162 2376 veni,
1225 2297 1490 2377 repente
1553 2292 1622 2357 L.
1677 2292 1915 2357 Laetili
1980 2293 2261 2359 adventu

240 2381 436 2447 istius
471 2402 605 2446 non
639 2381 834 2446 modo
873 2381 1136 2464 amicus,
1181 2402 1407 2446 verum
1446 2382 1644 2447 etiam
1681 2385 1999 2468 cognatus
2046 2382 2258 2449 factus

146 2499 208 2541 25
243 2474 371 2553 est,
431 2470 519 2554 is,
583 2470 756 2557 quod
810 2469 1073 2534 videbat
1123 2468 1318 2533 istius
1373 2491 1567 2534 censu
1621 2471 1784 2535 stari
1834 2471 2016 2535 nullo
2067 2472 2259 2537 modo

238 2578 454 2645 posse,
491 2579 638 2623 eum
665 2578 930 2623 censum
959 2557 1294 2622 observari
1324 2557 1536 2639 iussit,
1573 2558 1683 2641 qui
1718 2558 1858 2624 viro
1894 2558 2259 2624 fortissimo

240 2651 442 2728 atque
486 2646 1037 2729 innocentissimo,
1084 2642 1224 2709 Sex.
1252 2644 1604 2729 Peducan,
1648 2650 1947 2729 praetore
1992 2647 2258 2711 habitus

242 2735 439 2795 esset.
514 2732 726 2796 Erant
770 2733 944 2797 enim
988 2737 1130 2797 tum
1177 2753 1474 2797 censores
1521 2733 1777 2818 legibus
1822 2732 1981 2798 facti
2026 2733 2259 2799 delecti

242 2843 287 2885 a
316 2817 451 2881 suis
479 2818 871 2904 civitatibus,
904 2821 1162 2904 quibus,
1198 2820 1255 2884 si
1294 2821 1448 2903 quid
1484 2820 1979 2904 commisissent,
2014 2842 2260 2905 poenae

142 2939 204 2979 30
240 2905 504 2991 legibus
559 2911 745 2970 erant
799 2908 1205 2974 constitutae.
1298 2908 1390 2973 Te
1446 2913 1663 2973 autem
1722 2914 2022 2992 praetore
2079 2909 2223 2992 quis
2264 2922 2364 2971 139

237 3014 474 3061 censor
502 2997 616 3058 aut
643 2994 859 3079 legem
885 3001 1220 3080 metueret,
1250 3018 1380 3080 qua
1406 3018 1540 3061 non
1561 2996 1922 3080 tenebatur,
1953 2996 2259 3079 quoniam

237 3087 503 3149 creatus
569 3083 715 3168 lege
778 3103 908 3147 non
972 3088 1138 3169 erat,
1204 3089 1319 3150 aut
1382 3084 2003 3149 animadversionem
2056 3088 2260 3167 tuam,

238 3171 356 3256 qui
390 3171 476 3256 id,
523 3170 696 3255 quod
733 3170 849 3235 abs
893 3175 962 3235 te
1006 3178 1271 3256 emerat,
1317 3171 1755 3238 vendidisset?
1838 3170 2083 3236 Teneat
2126 3172 2260 3236 iam

237 3281 400 3326 sane
446 3281 627 3325 meos
673 3261 875 3324 testes
920 3257 1252 3343 Metellus,
1304 3264 1499 3346 cogat
1546 3260 1709 3325 alios
1757 3260 2048 3344 laudare,
2094 3260 2261 3325 sicut

136 3377 200 3419 85
233 3350 314 3413 in
367 3348 594 3414 multis
650 3351 921 3414 conatus
971 3349 1098 3429 est3
1152 3348 1346 3413 modo
1392 3348 1551 3413 haec
1595 3347 1820 3432 faciat,
1877 3369 2040 3431 quae
2083 3348 2260 3414 facit.

239 3435 405 3510 Quis
444 3437 616 3501 enim
652 3457 964 3520 umquam
1000 3438 1189 3500 tanta
1225 3458 1265 3500 a
1303 3457 1628 3520 quoquam
1665 3436 2074 3522 contumelia,
2117 3438 2260 3522 quis

234 3528 433 3589 tanta
485 3525 848 3611 ignominia
902 3523 1192 3590 adfectus
1248 3524 1392 3591 est‘?
1484 3524 1723 3600 Quinto
1781 3548 2034 3610 quoque
2089 3548 2259 3592 anno
