2566 4016
356 201 489 267 418
949 198 1030 253 IN
1069 199 1125 261 C.
1154 197 1472 257 ‚VERREM
1507 198 1665 253 ACT.
1704 199 1774 253 II.

361 342 569 421 Quid?
618 356 694 408 ex
732 341 887 409 aede
922 342 1097 408 Iovis
1134 342 1704 429 religiosissimum
1742 343 2161 408 simulacrum
2199 343 2375 410 Iovis

358 432 806 517 Imperatoris,
853 453 1043 515 quem
1085 430 1318 496 Graeci
1367 425 1622 516 Οὔριον
1666 431 2038 514 1101111110111,
2082 431 2379 516 pulcher·

359 521 523 586 rime
558 520 804 587 factum
839 540 1052 584 11011110
1090 519 1470 584 abstulisti?
1533 517 1746 596 Quid?
1793 540 1871 597 ex
1910 519 2065 584 aede
2102 519 2379 586 Liberae

359 608 407 692 †
467 609 767 693 parinum
840 612 1036 693 caput
1097 607 1262 672 illud
1324 606 1860 692 pulcherrimum,
1932 607 2106 690 quod
2170 609 2379 676 visere

361 697 729 762 solebamus
739 746 758 780 ,
806 717 963 760 num
1011 695 1328 760 dubitasti
1371 694 1651 759 tollere?
1732 693 1951 778 Atque
1996 694 2111 759 ille
2158 694 2381 762 Paean
2403 716 2425 756 5

360 785 691 850 sacrificiis
762 783 1221 848 anniversariis
1286 782 1480 847 simul
1545 804 1689 848 cum
1744 781 2137 867 Aesculapio
2207 785 2382 868 apud

358 873 511 937 illos
540 872 902 954 colebatur3
940 869 1302 954 Aristaeus,
1339 870 1449 955 qui
1483 872 1585 950 [ut
1613 868 1844 935 Graeci
1879 868 2116 954 ferunt,
2155 871 2382 939 Liberi

359 960 560 1040 filius]
597 959 898 1024 inventor
935 959 1062 1024 0101
1099 980 1239 1023 0000
1276 958 1528 1042 dicitur,
1565 979 1696 1022 una
1733 979 1879 1023 cum
1914 958 2152 1024 Libero
2191 965 2384 1042 patre

253 1017 359 1144 {³289
397 1047 571 1132 apud
604 1046 758 1112 illos
796 1047 1018 1113 eodem
1066 1050 1206 1112 erat
1251 1047 1321 1111 in
1367 1046 1612 1130 templo
1660 1051 2089 1147 consecratus.
2152 1046 2385 1115 Iovem

362 1138 581 1202 autem
642 1135 1112 1220 Imperatorem
1186 1138 1430 1218 quanto
1503 1134 1748 1199 honore
1810 1155 1881 1199 m
1942 1144 2060 1200 suo
2125 1139 2382 1222 templo
2407 1158 2443 1197 ιο

361 1223 561 1291 fuisse
626 1222 1078 1291 arbitramini?
1182 1221 1490 1288 Conicere
1552 1223 1858 1307 potestis,
1931 1222 1989 1288 si
2049 1224 2386 1291 recordari

360 1311 727 1394 volueritiS,
792 1315 1036 1396 quanta
1098 1311 1415 1397 religione
1476 1308 1676 1376 fuerit
1740 1310 1963 1375 eadem
2027 1312 2248 1395 specie
2316 1336 2385 1380 ac

359 1398 573 1463 forma
602 1399 861 1484 signum
888 1398 1071 1480 illud,
1099 1399 1269 1482 quod
1299 1420 1376 1462 ex
1402 1397 1779 1465 Macedonia
1806 1402 2069 1483 captum
2096 1399 2170 1463 in
2192 1399 2385 1487 Capi·

256 1483 385 1554 (58)
421 1486 584 1551 tolio
620 1489 928 1570 posuerat
959 1487 1030 1550 T.
1047 1484 1470 1550 Flamininus.
1534 1485 1798 1551 Etenim
1833 1487 1964 1553 tria
1998 1486 2385 1555 ferebantur
2476 1544 2477 1549 ,

358 1574 428 1641 111
456 1573 613 1636 orbe
640 1575 965 1638 terrarum
992 1573 1179 1659 signa
1204 1572 1382 1638 Iovis
1408 1573 1830 1660 Imperatoris
1868 1596 1994 1640 uno
2031 1575 2103 1640 in
2142 1598 2386 1662 genere
2409 1595 2447 1636 1⁵

359 1661 814 1746 pulcherrume
853 1659 1047 1746 facta,
1092 1683 1294 1726 unum
1338 1661 1501 1727 illud
1536 1663 2043 1747 Macedonicum,
2087 1665 2273 1748 quod
2321 1667 2388 1731 in

362 1748 688 1834 Capitolio
733 1750 1039 1834 vidimus,
1085 1750 1366 1815 alterum
1410 1751 1480 1815 in
1523 1750 1719 1815 Ponti
1764 1772 1874 1816 010
1920 1755 1988 1817 01
2033 1755 2389 1838 angustiis,

359 1839 656 1922 tertium,
713 1839 885 1923 quod
930 1836 1261 1923 Syracusis
1315 1841 1465 1904 ante
1500 1838 1772 1903 Verrem
1817 1843 2188 1923 praetorem
2235 1841 2388 1907 fuit
2476 1894 2477 1897 η

358 1925 533 1990 Illud
568 1925 973 1992 Flamininus
1009 1927 1107 1993 ita
1152 1947 1230 1991 ex
1276 1926 1432 1992 aede
1478 1947 1596 1992 sua
1643 1927 1926 2011 sustulit,
1969 1930 2046 1992 ut
2087 1927 2164 1992 in
2190 1927 2388 2015 Capi·
2476 1954 2477 1967 ¹

361 2016 553 2099 tolio,
615 2016 739 2081 hoc
803 2020 903 2082 est
964 2016 1033 2080 in
1091 2016 1386 2081 terrestri
1441 2015 1767 2081 domicilio
1813 2015 2021 2100 IoviS,
2081 2024 2389 2101 poneret.
2412 2037 2450 2076 ³·

259 2114 359 2165 130
397 2101 583 2178 Quod
639 2108 855 2168 autem
912 2107 1012 2168 est
1058 2104 1140 2169 ad
1184 2103 1526 2170 introitum
1568 2104 1790 2189 Ponti,
1842 2105 1936 2188 id,
1990 2125 2193 2189 quom
2243 2111 2391 2173 tam

361 2191 572 2256 multa
609 2213 686 2255 ex
721 2192 840 2257 illo
880 2192 1046 2255 mari
1081 2192 1259 2256 bella
1296 2192 1693 2274 emerserint,
1737 2196 1876 2257 tam
1922 2193 2134 2258 multa
2180 2216 2391 2278 porro

360 2279 430 2346 111
465 2278 747 2343 Pontum
783 2280 1039 2345 invecta
1075 2279 1225 2363 sint,
1269 2301 1472 2363 usque
1511 2280 1594 2345 ad
1627 2280 1796 2345 hanc
1832 2280 2001 2345 diem
2039 2282 2393 2368 integrum

260 2394 268 2400 ·
359 2365 874 2449 inviolatumque
922 2370 1253 2431 servatum
1301 2371 1418 2432 est.
1490 2367 1633 2433 Hoc
1678 2368 1965 2452 tertium,
2010 2369 2191 2452 quod
2241 2377 2394 2437 erat

363 2451 716 2536 Syracusis,
753 2454 924 2538 quod
950 2452 1034 2519 M.
1059 2453 1406 2521 Marcellus
1437 2459 1726 2520 armatus
1755 2460 1820 2520 et
1855 2457 2064 2524 victor
2096 2458 2394 2544 viderat,
2418 2475 2454 2516 Ξ

363 2540 536 2624 quod
588 2540 890 2627 religioni
944 2546 1376 2627 concesserat,
1433 2544 1605 2628 quod
1657 2544 1828 2614 cives
1879 2548 2075 2628 atque
2119 2545 2396 2614 incolae

364 2626 806 2712 [Syracusani]
844 2630 1074 2713 colere,
1120 2631 1405 2696 advenae
1439 2653 1572 2696 non
1616 2632 1828 2697 solum
1874 2633 2100 2717 visere,
2149 2657 2397 2701 verum

363 2717 560 2783 etiam
596 2718 890 2783 venerari
928 2718 1244 2801 solebant,
1290 2719 1357 2783 id
1394 2717 1463 2784 O.
1490 2718 1730 2784 Verres
1776 2742 1854 2784 ex
1899 2721 2152 2805 templo
2198 2722 2396 2790 Iovis

260 2817 358 2867 131
400 2805 683 2878 sustulit.
754 2805 850 2871 Ut
896 2807 1153 2892 saepius
1203 2806 1288 2872 ad
1331 2806 1713 2874 Marcellum
1757 2812 2066 2893 revertar,
2109 2810 2397 2896 iudices,

364 2894 456 2959 010
490 2894 819 2979 habetote,
863 2895 1069 2978 pluris
1117 2916 1257 2959 esse
1304 2917 1344 2959 a
1381 2892 1802 2979 Syracusanis
1849 2896 2040 2961 istius
2087 2898 2395 2967 adventu
2419 2917 2456 2956 ³¹

363 2982 516 3047 deos
600 3005 793 3066 quam
873 2982 1148 3048 victoria
1219 2982 1514 3048 Marcelli
1585 2984 1878 3049 homines
1954 2985 2399 3055 desideratos.

360 3069 624 3135 Etenim
652 3071 766 3135 ille
797 3070 1145 3155 requisisse
1184 3071 1381 3136 etiam
1419 3070 1654 3137 dicitur
1672 3070 2133 3138 Archimedem
2170 3075 2399 3159 illum,

363 3179 617 3223 summo
680 3158 942 3244 ingenio
1005 3158 1337 3224 hominem
1400 3180 1475 3223 ac
1539 3159 1907 3245 disciplina3
1971 3183 2169 3245 quem
2238 3187 2399 3231 cum

364 3246 650 3310 audisset
702 3246 1142 3331 interfectum,
1200 3247 1591 3332 permoleste
1644 3248 1902 3333 tulisse3
1956 3250 2082 3315 iste
2141 3254 2401 3336 omnia,

364 3352 528 3412 quae
571 3334 936 3417 requisivit,
984 3356 1115 3399 non
1161 3338 1236 3401 ut
1281 3340 1718 3419 conservaret,
1764 3359 1988 3405 verum
2032 3342 2110 3403 ut
2160 3363 2402 3427 aspor·
2422 3354 2477 3406 ³⁵2

362 3418 558 3497 taret,
603 3421 960 3501 requisivit.
2476 3423 2477 3428 ’

257 3498 345 3563 59
495 3498 638 3564 Iam
671 3504 809 3587 illa,
851 3529 1015 3589 quae
1052 3509 1300 3575 leviora
1342 3511 1760 3599 videbuntur,
1803 3513 1948 3579 ideo
1986 3519 2406 3599 praeteribo,
