2566 4016
746 220 881 278 ΜΒ.
921 224 971 277 11
1029 223 1181 277 CAP.
1220 230 1429 280 27—‘29
1469 230 1497 289 s
1535 230 1760 279 (γι-71.
2125 224 2257 288 225

233 389 378 434 esse
425 366 811 431 nummaria.
895 365 1059 431 Post
1103 366 1183 430 ad
1230 367 1472 431 amicos
1520 367 1803 449 rettulit3
1849 367 1959 451 qui
2004 389 2150 432 cum
2196 368 2256 431 ei

234 455 516 520 fuissent
555 457 851 519 auctores
899 454 1309 518 redimendae
1354 455 1606 538 salutis,
1652 454 1734 519 ad
1779 453 2255 520 Timarchidem

236 543 434 609 venit.
524 542 859 627 Expositis
916 542 1049 606 suis
1097 541 1593 607 difficultatibus
1639 540 1968 607 hominem
2017 542 2098 607 ad
2142 540 2254 605 HS

236 649 432 695 Lxxx
469 630 764 715 perducit
801 651 1070 713 eamque
1113 629 1173 693 ei
1210 630 1549 713 pecuniam
1593 633 1911 695 numerat.
1993 629 2254 694 Postea·
2274 599 2363 724 2752)

184 736 211 777 5
240 741 438 803 quam
503 718 587 782 ad
651 739 913 783 causam
978 716 1315 782 dicendam
1378 720 1646 784 ventum
1710 721 1836 801 est,
1898 721 2041 782 tum
2100 738 2253 782 vero

241 807 408 887 [sine
446 808 651 887 metu]
700 806 840 869 sine
886 827 1041 870 cura
1086 825 1309 870 omnes
1353 810 1555 888 erant,
1600 806 1712 889 qui
1757 802 2107 889 Sopatrum
2153 805 2255 869 de·

237 894 610 959 fendebant.
711 892 972 957 Crimen
1033 893 1287 957 nullum
1352 896 1520 976 erat,
1581 914 1685 956 res
1751 897 1891 957 erat
1954 893 2255 974 iudicata,

237 981 478 1046 Verres
516 1002 818 1054 nummos
858 984 1222 1065 acceperat3
1269 981 1413 1064 quis
1450 985 1674 1065 posset
1717 980 2031 1064 dubitare,
2077 979 2256 1065 quid-

239 1092 392 1134 nam
431 1072 605 1134 esset
639 1068 977 1133 futurum?
1041 1067 1168 1132 Res
1207 1068 1325 1133 illo
1368 1068 1470 1132 die
1514 1089 1648 1132 non
1691 1072 2051 1153 peroratur,
2096 1068 2255 1131 iudi-

164 1174 217 1215 10
244 1157 413 1223 cium
470 1157 840 1221 dimittitur.
940 1155 1186 1221 Iterum
1252 1155 1335 1220 ad
1398 1153 1749 1240 Sopatrum
1812 1154 2253 1220 Timarchides

242 1245 450 1327 venit,
507 1244 600 1309 ait
656 1247 1062 1309 accusatores
1119 1243 1255 1308 eius
1302 1244 1513 1307 multo
1559 1244 1871 1308 maiorem
1916 1242 2255 1327 pecuniam

244 1331 534 1416 praetori
560 1332 873 1416 polliceri,
910 1353 1106 1416 quam
1134 1335 1448 1415 quantam
1481 1330 1588 1396 hic
1624 1330 1932 1413 dedisset3
1967 1329 2257 1414 proinde,

247 1419 304 1483 si
342 1422 617 1504 saperet,
662 1419 911 1485 videret
949 1419 1130 1503 [quid
1167 1418 1296 1482 sibi
1334 1422 1506 1483 esset
1539 1417 1948 1499 faciendum}
2020 1415 2257 1499 HomO,

246 1528 639 1591 quamquam
695 1511 838 1571 erat
892 1510 958 1571 et
1008 1504 1261 1572 Siculus
1318 1510 1384 1571 et
1438 1528 1612 1589 reus,
1664 1507 1789 1571 hoc
1844 1508 1944 1570 est
1999 1509 2065 1569 et
2117 1505 2257 1569 iure

167 1611 220 1652 15
251 1595 473 1680 iniquo
520 1598 587 1660 et
631 1598 925 1679 tempore
973 1595 1269 1676 adverso,
1314 1592 1484 1658 ferre
1529 1597 1751 1659 tamen
1794 1597 1990 1677 atque
2037 1593 2257 1660 audire

247 1682 487 1747 diutius
502 1682 979 1748 Timarchidem
999 1703 1133 1747 non
1153 1682 1388 1766 potuit.
1426 1681 1508 1744 ‘F
1520 1704 1559 1746 a
1570 1680 1765 1766 cite',
1782 1682 2014 1765 inquit,
2034 1679 2154 1765 ‘qu
2165 1702 2203 1744 o
2216 1680 2256 1743 d

247 1771 474 1853 libet3
528 1770 848 1835 daturus
902 1791 1052 1836 non
1107 1791 1268 1834 sum
1320 1768 1694 1853 amplius.'
1784 1768 2089 1852 Idemque
2133 1766 2257 1831 hoc

249 1857 473 1921 amicis
512 1857 649 1921 eius
686 1862 754 1921 et
798 1858 1242 1922 defensoribus
1289 1857 1647 1940 videbatur,
1693 1860 1888 1940 atque
1934 1877 2009 1920 eo
2058 1855 2257 1919 etiam

250 1945 461 2030 magis
471 1994 489 2028 ,
545 1944 714 2028 quod
767 1945 919 2028 iste,
975 1965 1233 2030 quoquo
1289 1944 1481 2010 modo
1529 1966 1597 2010 se
1642 1944 1713 2007 in
1757 1965 1834 2007 ea
1881 1942 2256 2027 quaestione

168 2051 223 2091 20
248 2032 631 2118 praebebat,
694 2034 766 2097 in
827 2034 1095 2098 consilio
1159 2038 1382 2098 tamen
1442 2032 1728 2098 habebat
1790 2031 2086 2096 homines
2140 2031 2258 2095 ho-

247 2126 468 2186 nestos
516 2143 551 2185 e
606 2124 927 2186 conventu
971 2118 1404 2205 Syracusano,
1458 2121 1570 2204 qui
1616 2117 1949 2185 Sacerdoti
2003 2140 2257 2203 quoque

248 2210 318 2273 in
372 2209 643 2274 consilio
699 2207 957 2273 fuerant
1011 2213 1180 2292 tum,
1244 2231 1390 2274 cum
1446 2212 1546 2273 est
1598 2208 1770 2272 idem
1823 2207 1929 2272 hic
1983 2204 2259 2292 Sopater

251 2297 608 2361 absolutus.
702 2296 845 2361 Hoc
899 2296 1171 2361 rationis
1226 2297 1586 2380 habebant,
1642 2295 1855 2362 facere
1909 2316 2019 2360 eos
2073 2295 2257 2359 nullo

248 2384 441 2448 modo
487 2405 696 2469 posse,
743 2387 816 2448 ut
860 2385 1086 2450 eodem
1132 2384 1401 2449 crimine
1447 2385 1685 2449 eisdem
1731 2383 2011 2449 testibus
2058 2380 2257 2468 Sopa-

170 2488 222 2529 25
248 2476 423 2536 trum
478 2472 981 2538 condemnarent
1034 2471 1207 2536 idem
1257 2472 1583 2556 homines,
1636 2472 1771 2557 qui-
1801 2475 1994 2537 antea
2048 2472 2260 2537 absol-

246 2560 510 2625 vissent.
574 2559 805 2645 Itaque
837 2560 962 2625 hac
998 2581 1128 2624 una
1165 2581 1279 2642 spe
1320 2561 1402 2624 ad
1436 2560 1741 2626 iudicium
1778 2560 2052 2625 venitur.
2116 2558 2257 2635 Quo
2299 2570 2369 2635 ‘¹11⁸

248 2654 675 2732 posteaquam
722 2652 824 2713 est
867 2651 1155 2730 ventum,
1199 2669 1347 2712 cum
1389 2647 1460 2711 in
1503 2647 1845 2713 consilium
1888 2645 2258 2730 frequentes

248 2736 697 2799 convenissent
732 2734 921 2819 idem,
967 2734 1079 2820 qui
1116 2734 1434 2816 solebant,
1479 2739 1546 2799 et
1581 2735 1704 2800 hac
1742 2736 1922 2815 [una]
1962 2755 2076 2818 spe
2116 2736 2262 2798 tota

231 2819 535 2889 ,defensio
574 2819 836 2905 Sopatri
870 2824 1205 2906 niteretur,
1250 2821 1507 2887 consilii
1542 2822 1907 2906 frequentia
1944 2825 2010 2884 et
2056 2820 2259 2905 digni-

170 2925 223 2966 so
250 2911 407 2992 tate,
446 2911 512 2972 et
550 2908 721 2992 quod
758 2913 961 2993 erant,
996 2914 1071 2974 ut
1108 2909 1258 2993 dixi,
1295 2909 1484 2993 idem,
1530 2910 1640 2992 qui
1682 2912 1874 2974 antea
1911 2906 2261 2992 Sopatrum

249 2996 473 3061 eodem
547 2995 665 3060 illo
739 2997 1005 3063 crimine
1078 2998 1463 3081 liberarant,
1502 2997 1905 3082 'cognoscite
1977 2995 2260 3060 hominis

248 3088 543 3168 apertam
590 3105 665 3148 ac
708 3104 841 3148 non
885 3085 1075 3149 modo
1124 3087 1317 3166 [non]
1354 3084 1632 3167 ratione,
1679 3085 1791 3148 sed
1834 3104 1916 3147 ne
1963 3081 2262 3146 dissimu-

246 3171 493 3237 latione
532 3171 792 3256 quidem
841 3175 1083 3237 tectam
1133 3172 1601 3256 inprobitatem
1647 3175 1715 3236 et
1760 3170 2110 3236 audaciam.
2172 3169 2259 3235 M.

244 3257 580 3343 Petilium,
637 3259 921 3343 equitem
965 3259 1360 3342 Romanum,
1417 3282 1606 3344 quem
1659 3259 1948 3324 habebat
1999 3259 2070 3322 in
2113 3279 2259 3323 con-

165 3362 219 3404 85
248 3347 416 3429 silio,
452 3348 636 3413 iubet
664 3369 928 3432 operam
966 3347 1136 3431 dare,
1175 3349 1347 3432 quod
1385 3348 1478 3413 rei
1512 3348 1805 3433 privatae
1842 3346 2031 3412 iudex
2068 3350 2258 3411 esset.

244 3432 518 3499 Petilius
583 3435 954 3519 recusabat,
1019 3435 1191 3520 quod
1251 3456 1402 3501 suos
1460 3436 1728 3519 amicos,
1791 3456 1953 3519 quos
2009 3434 2135 3499 sibi
2188 3435 2261 3498 in

245 3522 517 3586 consilio
574 3544 713 3587 esse
763 3525 986 3607 vellet,
1041 3523 1181 3608 ipse
1216 3521 1454 3590 Verres
1501 3525 1809 3589 retineret
1853 3524 1924 3588 in
1968 3522 2240 3588 consilio

351 3630 460 3672 010.
487 3633 550 3675 11.
580 3638 617 3676 1.
1765 3633 1831 3681 15
