2566 4016
924 227 1077 284 CAP.
1108 235 1244 284 ⁷—9
1282 235 1314 295 3
1350 235 1576 284 20-26.
2164 233 2249 297 89

231 371 490 458 pridem
529 371 802 436 destitit.
882 371 1027 438 Hoc
1071 375 1147 436 tu
1189 394 1525 458 umquam,
1569 372 1803 458 Fanni,
1845 374 2136 441 faceres?
2187 381 2253 442 et
2289 390 2359 441 24

235 462 293 524 si
319 460 443 524 hos
484 463 793 543 quaestus
831 461 1114 544 recipere
1150 480 1396 544 posses,
1431 481 1564 526 non
1598 461 1822 527 eodem
1858 466 2150 548 tempore
2187 469 2253 531 et

235 552 499 634 gestum
555 551 622 611 et
676 547 961 612 animam
1016 548 1288 632 ageres?
1366 548 1490 614 Dic
1541 571 1710 614 nunc
1762 553 1830 614 te
1885 551 1968 614 ab
2017 550 2253 617 Roscio

232 634 349 701 HS
405 652 565 702 1000
612 634 1169 720 circumscriptum
1216 657 1383 720 esse,
1440 638 1551 720 qui
1594 641 1816 702 tantas
1863 641 1929 702 et
1974 642 2112 702 tam
2157 639 2255 703 in·

177 742 205 782 ⁵
232 724 459 789 finitas
531 724 836 807 pecunias
899 744 1032 788 non
1095 727 1364 807 propter
1425 724 1729 789 inertiam
1792 726 2067 809 laboriS,
2142 726 2254 790 sed

232 815 510 897 propter
563 811 1114 896 magnificentiam
1160 811 1580 876 liberalitatis
1626 814 2011 897 repudiarit!
2083 813 2253 890 Quid

234 920 362 985 ego
414 920 589 964 nunc
641 898 762 963 illa
816 898 1050 982 dicam,
1113 920 1278 982 quae
1332 899 1519 964 vobis
1573 900 1643 965 in
1696 906 1978 967 mentem
2032 902 2253 967 venire

235 990 417 1052 certo
464 985 644 1051 scio?
724 985 1097 1051 Fraudabat
1141 990 1208 1051 te
1252 987 1324 1050 in
1368 987 1675 1053 societate
1714 988 2015 1053 Roscius!
2088 988 2256 1055 Sunt

234 1076 398 1158 iura,
446 1078 599 1139 sunt
642 1072 962 1139 formulae
1008 1074 1085 1138 de
1132 1074 1432 1139 omnibus
1478 1076 1671 1139 rebus
1718 1076 2128 1159 constitutae,
2171 1097 2253 1141 ne

148 1181 208 1222 10
236 1162 384 1246 quis
450 1165 566 1226 aut
627 1162 698 1225 in
761 1182 996 1247 genere
1053 1161 1326 1225 iniuriae
1382 1166 1496 1225 aut
1547 1164 1620 1226 in
1670 1162 1924 1226 ratione
1980 1162 2253 1227 actionis

235 1271 457 1316 errare
494 1249 721 1333 possit.
792 1248 1159 1333 Expressae
1197 1251 1349 1311 sunt
1386 1248 1555 1312 enim
1598 1270 1674 1312 ex
1710 1248 1900 1312 unius
1947 1249 2254 1331 cuiusque

234 1339 497 1420 damnO,
524 1337 764 1420 dolore,
798 1335 1226 1413 incommod0‚
1260 1335 1653 1419 calamitate,
1693 1335 1930 1400 iniuria
1956 1336 2254 1421 publicae

236 1449 279 1492 a
314 1428 620 1510 praetore
655 1424 995 1508 formulae,
1041 1423 1123 1488 ad
1170 1444 1331 1507 quas
1376 1424 1635 1507 privata
1679 1424 1761 1488 lis
1814 1424 2253 1490 accommoda-

148 1619 209 1660 15
239 1600 537 1685 adegeris
586 1598 658 1674 Q.
695 1599 1029 1682 Roscium,
1080 1621 1337 1683 quaero.
1416 1598 1791 1666 Formulam
1836 1622 1970 1665 non
2012 1602 2253 1666 noras?

236 1688 605 1755 Notissima
651 1690 810 1752 erat.
882 1685 1126 1752 Iudicio
1173 1687 1359 1772 gravi
1405 1689 1680 1772 experiri
1725 1689 2040 1753 nolebas?
2088 1689 2256 1765 Quid

237 1777 380 1841 ita?
442 1778 713 1860 propter
766 1774 1285 1839 familiaritatem
1330 1776 1659 1841 veterem?
1747 1774 1878 1839 Cur
1924 1796 2079 1859 ergo
2128 1775 2256 1842 lae·

239 1864 387 1929 dis‘?
448 1863 728 1947 Propter
790 1863 1235 1947 integritatem
1296 1863 1623 1927 hominis?
1708 1861 1839 1927 Cur
1901 1862 2106 1946 igitur
2162 1862 2255 1926 in-

240 1952 558 2019 simulas?
611 1949 890 2034 Propter
917 1949 1429 2036 magnitudinem
1458 1948 1789 2013 criminis‘?
1842 1948 2029 2013 Itane
2057 1950 2255 2015 vero?

153 2059 214 2101 ao
243 2062 437 2125 quem
472 2061 590 2124 per
628 2039 949 2103 arbitrum
985 2036 1446 2102 circumvenire
1486 2057 1620 2100 non
1662 2057 1906 2121 posseS,
1953 2036 2132 2101 cuius
2180 2038 2257 2103 de

241 2151 322 2195 ea
366 2150 437 2192 re
481 2127 819 2212 proprium
861 2147 993 2191 non
1040 2128 1182 2190 erat
1225 2123 1561 2206 iudicium,
1605 2124 1776 2189 hunc
1820 2145 1936 2208 per
1980 2123 2256 2190 iudicem

239 2215 730 2297 condemnabis,
789 2214 968 2279 cuius
1025 2212 1101 2277 de
1153 2233 1228 2278 ea
1280 2234 1351 2277 re
1404 2213 1657 2277 nullum
1712 2215 1812 2276 est
1869 2211 2256 2279 arbitrium?

243 2305 417 2381 Quin
469 2307 546 2367 tu
598 2302 722 2367 hoc
776 2303 1020 2366 crimen
1074 2304 1186 2366 aut
1241 2301 1449 2385 obice,
1506 2300 1620 2364 ubi
1670 2301 1823 2366 licet
1870 2321 2089 2387 agere,
2145 2305 2259 2366 aut

240 2393 453 2457 iacere
506 2390 672 2473 noli,
727 2390 840 2453 ubi
891 2411 1026 2454 non
1078 2392 1356 2472 oportet.
1447 2387 1737 2455 Tametsi
1789 2389 1920 2454 iam
1974 2389 2098 2455 1100
2143 2394 2257 2456 tuo

136 2497 214 2537 ·2⁵
243 2479 622 2544 testimonio
676 2477 921 2542 crimen
966 2476 1297 2541 sublatum
1344 2480 1461 2540 est.
1552 2475 1750 2559 Nam,
1808 2498 1935 2561 quo
1982 2481 2057 2541 tu
2101 2482 2260 2543 tem·

243 2588 404 2653 pore
435 2566 555 2631 illa
590 2566 875 2630 formula
909 2565 1008 2628 uti
1042 2564 1333 2646 noluisti,
1367 2564 1531 2627 1111111
1567 2564 1739 2629 1111110
1774 2565 1844 2629 111
1880 2565 2259 2630 societatem

241 2654 492 2719 fraudis
565 2652 795 2718 fecisse
858 2651 995 2716 iudi
1022 2701 1037 2717 .
1067 2702 1080 2716 .
1110 2701 1124 2715 .
1153 2700 1168 2715 .
1195 2651 1461 2716 tionem.
1561 2652 1847 2717 Tabulas
1911 2651 2112 2716 habet
2176 2674 2261 2717 an

245 2741 423 2806 non?
495 2738 564 2804 Si
607 2762 742 2805 non
784 2740 1011 2822 habet,
1058 2760 1249 2823 quem
1297 2738 1378 2802 ad
1423 2738 1685 2803 modum
1730 2739 1946 2823 pactio
1994 2739 2138 2803 est?
2203 2739 2260 2803 si

244 2829 472 2912 habet,
528 2850 640 2894 cur
692 2850 824 2893 non
876 2827 1218 2891 nominas?
1300 2824 1423 2891 Dic
1463 2847 1635 2890 nunc
1678 2826 1983 2891 Roscium
2031 2826 2147 2890 abs
2194 2830 2260 2889 te

163 2935 217 2975 30
243 2917 519 3002 petisse,
567 2920 641 2979 ut
685 2914 1074 2980 familiarem
1122 2935 1311 2978 suum
1356 2935 1644 2978 sumeres
1692 2914 2037 2979 arbitrum!
2109 2910 2262 2977 Non

243 3005 455 3090 petiit.
537 3003 661 3068 Dic
714 3002 1083 3088 pactionem
1131 3000 1389 3084 fecisse,
1443 3004 1518 3066 ut
1564 3001 2038 3066 absolveretur!
2110 2998 2262 3064 Non

241 3092 517 3179 pepigit.
575 3091 842 3174 Quaere,
871 3111 1067 3174 quare
1097 3089 1183 3153 sit
1211 3089 1579 3154 absolutus!
1627 3089 1812 3165 Quod
1840 3091 1980 3152 erat
2009 3108 2263 3153 summa

241 3179 619 3246 innocentia
691 3183 757 3243 et
828 3177 1226 3263 integritate.
1336 3176 1502 3253 Quid
1571 3177 1742 3241 enim
1803 3174 2049 3240 factum
2115 3176 2261 3240 est?

240 3267 505 3334 Venisti
542 3267 803 3332 domum
840 3266 1014 3330 ultro
1052 3265 1264 3348 Rosci,
1311 3265 1473 3328 satis
1517 3262 1758 3346 fecisti3
1804 3262 1975 3347 quod
2019 3266 2262 3328 temere

159 3373 213 3413 ³⁵
241 3354 661 3437 commisisti,
724 3354 795 3418 in
854 3353 1160 3418 iudicium
1219 3354 1294 3416 ut
1350 3351 1783 3435 denuntiaret,
1846 3351 2125 3436 rogasti,
2188 3356 2263 3416 ut

240 3446 645 3530 ignosceret,
689 3445 755 3506 te
794 3442 1143 3506 affuturum
1179 3439 1460 3524 negasti,
1507 3439 1736 3503 debere
1773 3438 1898 3503 tibi
1944 3460 2020 3504 ex
2068 3440 2263 3506 socie-

242 3535 385 3595 tate
420 3530 589 3595 1111111
627 3529 999 3595 clamitasti.
1062 3527 1268 3592 Iudici
1304 3527 1411 3592 hic
1449 3526 1879 3613 denuntiavit3
1922 3527 2260 3594 absolutus

2290 1475 2332 1539 9

234 1519 367 1578 tur.
451 1512 630 1589 Quae
676 1533 823 1577 cum
866 1512 963 1575 ita
1010 1511 1159 1594 sint,
1206 1533 1320 1576 cur
1365 1533 1498 1576 non
1544 1512 1864 1577 arbitrum
1908 1534 2029 1598 pro
2075 1513 2251 1579 socio
2291 1553 2359 1601 25

2297 2838 2365 2888 26
