2566 4016
330 210 463 274 290
933 202 1012 261 IN
1051 209 1108 263 C.
1138 206 1453 261 VERREM
1488 206 1648 261 ACT.
1686 208 1756 261 ΙΙ.

328 376 410 418 ne
464 354 758 436 tolleret,
820 355 898 415 ut
962 355 1112 417 ante
1166 349 1500 416 Kalendas
1555 349 1833 416 Sextiles
1888 351 2187 416 decumas
2243 352 2351 417 de-

329 445 626 526 portatas
690 440 965 505 haberet
973 462 1005 523 ,·
1055 440 1216 503 haec
1269 439 1491 504 omnia
1543 439 1674 503 iam
1729 438 2010 503 venditis
2063 439 2349 504 decumis

331 550 501 593 anno
546 529 765 592 'tertio
830 531 897 592 te
962 527 1237 591 edixisse
1304 527 1473 609 dico3
1546 548 1710 611 quae
1774 527 1833 589 si
1895 526 1989 589 rei
2052 527 2351 610 publicae

330 638 527 682 causa
580 617 827 681 faceres
836 666 855 699 ,
909 616 979 678 in
1030 614 1372 679 vendundo
1429 619 1647 679 essent
1695 614 2144 698 pronuntiata,
2200 616 2351 698 quia

329 708 445 769 tua
509 725 705 768 causa
767 703 1083 786 faciebaS,
1148 702 1322 786 quod
1386 706 1527 767 erat
1578 701 2015 785 imprudentia
2068 707 2349 785 praeter·
2376 724 2402 764 5

330 795 630 872 missum,
684 791 753 854 id
808 794 1083 873 quaestu
1135 811 1210 854 ac
1254 794 1550 874 tempore
1596 790 1966 854 admonitus
2012 791 2350 874 reprehen-

156 910 159 915 >
227 893 297 940 52
335 880 506 943 disti.
613 878 788 942 Illud
858 900 1014 942 vero
1088 878 1190 942 cui
1252 877 1520 960 probari
1584 882 1830 961 potest,
1900 881 1969 941 te
2035 879 2172 942 sine
2235 882 2350 943 tuo

332 969 625 1050 quaestu,
671 986 746 1030 ac
789 966 1076 1030 maximo
1124 968 1418 1048 quaestu,
1465 968 1717 1029 tantam
1765 969 1946 1028 tuam
1991 965 2353 1049 infamiam,

331 1058 591 1118 tantum
645 1053 877 1137 capitis
932 1054 1032 1116 tui
1085 1052 1629 1135 fortunarumque
1684 1057 1976 1116 tuarum
1989 1053 2351 1137 periculum

330 1142 720 1227 neglexisse,
792 1144 896 1224 ut,
964 1161 1110 1205 cum
1172 1141 1380 1205 totius
1445 1138 1702 1205 Siciliae
1763 1140 2000 1205 cotidie
2067 1142 2352 1226 gemitus
2384 1161 2436 1201 ιο

331 1228 896 1314 querimoniasque
942 1228 1215 1311 audires,
1261 1250 1426 1310 cum,
1469 1233 1545 1292 u't
1587 1228 1727 1311 ipse
1774 1218 2014 1311 dixisti,
2057 1250 2240 1293 reum
2284 1234 2354 1294 te

329 1318 471 1382 fore
498 1320 783 1400 putareS,
821 1338 967 1380 cum
992 1316 1258 1380 huiusce
1286 1315 1508 1381 iudicii
1545 1315 1888 1381 discrimen
1926 1317 2028 1380 ab
2047 1317 2353 1399 opinione

330 1410 447 1467 tua
513 1425 644 1468 non
709 1405 1116 1486 abhorreret,
1188 1407 1486 1487 paterere
1547 1408 1769 1468 tamen
1834 1407 2124 1468 aratores
2190 1405 2353 1468 indi-

334 1491 666 1576 gnissimis
719 1490 973 1554 iniuriis
1024 1491 1245 1555 vexari
1293 1511 1369 1555 ac
1414 1491 1653 1574 diripi?
1744 1491 2073 1574 Profecto,
2131 1514 2354 1575 quam-

334 1601 528 1661 quam
585 1599 653 1642 es
700 1578 1020 1662 singulari
1066 1577 1451 1642 crudelitate
1499 1584 1568 1642 et
1611 1579 1905 1662 audacia,
1962 1583 2184 1644 tamen
2230 1580 2351 1644 abs
2383 1599 2433 1640 15

273 1736 284 1744 ,
332 1671 397 1730 te
418 1669 629 1730 totam
650 1666 920 1729 alienari
945 1666 1370 1750 provinciam,
1396 1670 1500 1730 tot
1528 1667 1823 1730 homines
1852 1667 2352 1732 honestissimos

334 1776 406 1819 ac
453 1754 1002 1838 locupletissimos
1049 1752 1174 1817 tibi
1220 1754 1703 1819 inimicissimos
1747 1755 1889 1819 fieri
1933 1755 2145 1820 nolles
2156 1805 2172 1836 ,
2222 1756 2355 1820 nisi

331 1843 501 1908 hanc
556 1843 879 1906 rationem
931 1846 999 1906 et
1049 1842 1517 1928 cogitationem
1565 1842 1797 1906 salutis
1842 1845 1995 1907 tuae
2040 1843 2355 1926 pecuniae

227 1941 296 1991 53
332 1931 652 2017 cupiditas
700 1953 775 1995 ac
819 1952 1126 2016 praesens
1170 1930 1293 1995 illa
1336 1931 1578 2017 praeda
1598 1934 1977 2032 superaret.
2065 1930 2355 2016 Etenim,

332 2020 639 2103 quoniam
678 2041 998 2085 summam
1038 2041 1113 2085 ac
1147 2042 1488 2084 numerum
1522 2020 1903 2083 iniuriarum
1940 2020 2148 2104 vobiS,
2187 2021 2355 2084 iudi·
2383 2041 2436 2080 ιο

332 2129 464 2190 ces,
528 2129 662 2172 non
724 2130 994 2191 possum
1056 2129 1461 2192 expromere,
1530 2107 1919 2193 singillatim
1986 2111 2202 2172 autem
2270 2108 2357 2173 de

330 2195 520 2258 unius
550 2195 857 2277 cuiusque
892 2196 1302 2259 incommodo
1340 2195 1549 2259 dicere
1584 2195 1911 2259 infinitum
1951 2199 2084 2279 est,
2109 2217 2360 2281 genera

330 2283 475 2365 ipsa
516 2282 929 2361 iniuriarum,
974 2303 1242 2364 quaeso,
1290 2283 1679 2366 cognoscite.

226 2367 308 2429 21
462 2368 771 2452 Nympho
828 2371 928 2432 est
975 2369 1461 2452 Centuripinus,
1516 2370 1712 2434 homo
1761 2390 2010 2456 gnavus
2057 2374 2126 2435 et
2167 2371 2357 2437 indu-

333 2455 559 2538 strius,
606 2455 1201 2540 experientissimus
1248 2478 1323 2521 ac
1370 2457 1908 2542 diligentissimus
1958 2462 2198 2524 arator.
2279 2460 2356 2524 Is
2385 2478 2434 2520 2⁵
2523 2495 2524 2506 1

332 2564 478 2607 cum
534 2545 858 2608 arationes
916 2564 1189 2629 magnas
1245 2546 1594 2609 conductas
1648 2546 1945 2629 haberet,
2009 2546 2181 2630 quod
2236 2547 2359 2612 ho-

331 2632 537 2696 mines
576 2631 773 2696 etiam
810 2632 1187 2715 locupletes,
1232 2632 1402 2697 sicut
1436 2633 1551 2697 ille
1588 2637 1708 2717 est,
1751 2634 1821 2696 in
1868 2632 2091 2699 Sicilia
2134 2634 2358 2700 facere

332 2724 750 2803 consuerunt,
806 2741 1042 2804 easque
1096 2741 1338 2805 magna
1382 2722 1654 2805 inpensa
1698 2743 2065 2807 magnoque
2109 2723 2359 2788 instru-

330 2813 550 2874 mento
589 2812 897 2891 tueretur,
941 2811 1128 2872 tanta
1164 2810 1246 2873 ab
1283 2808 1413 2872 isto
1451 2809 1797 2891 iniquitate
1836 2831 2186 2894 oppressus
2228 2816 2360 2894 est,

329 2902 404 2961 ut
455 2919 586 2961 non
633 2896 826 2961 modo
874 2896 1200 2962 arationes
1246 2896 1668 2979 relinqueret,
1724 2897 1835 2961 sed
1883 2898 2080 2961 etiam
2127 2920 2208 2961 ex
2254 2897 2359 2963 Si·
2385 2916 2436 2955 ο·

330 2986 480 3051 cilia
534 2984 914 3071 profugeret
958 2984 1363 3067 Romamque
1417 3006 1547 3047 una
1601 3007 1746 3049 cum
1799 2985 2026 3049 multis
2082 2985 2165 3050 ab
2217 2985 2361 3051 isto

330 3074 551 3140 eiectis
585 3073 852 3138 veniret.
915 3072 963 3154 †
996 3071 1178 3137 Fecit
1214 3075 1292 3135 ut
1327 3070 1714 3136 decumanus
1742 3071 2202 3157 Nymphonem
2238 3095 2359 3139 ne-

331 3168 519 3248 garet
556 3184 632 3227 ex
679 3162 890 3226 edicto
935 3160 1053 3224 illo
1099 3159 1459 3243 praeclaro,
1505 3161 1677 3243 quod
1720 3161 1970 3224 nullam
2018 3160 2101 3224 ad
2147 3161 2361 3227 aliam

330 3271 467 3314 rem
503 3250 631 3314 nisi
668 3249 751 3314 ad
785 3249 977 3313 huius
1015 3247 1191 3312 modi
1229 3251 1538 3332 quaestus
1573 3248 1961 3331 pertinebat,
2004 3270 2363 3314 numerum

225 3346 296 3393 54
330 3336 626 3418 iugerum
653 3336 1019 3420 professum
1048 3357 1205 3401 esse.
1267 3334 1578 3420 Nympho
1612 3357 1758 3400 cum
1796 3357 1866 3401 se
1900 3337 2104 3401 vellet
2139 3359 2362 3421 aequo
2387 3352 2437 3393 ³⁵

331 3420 566 3484 iudicio
604 3423 960 3506 defendere,
998 3424 1110 3489 dat
1145 3424 1271 3488 iste
1306 3424 1484 3488 viros
1524 3424 1806 3509 optimos
1844 3429 2365 3508 recuperatoreS,

335 3505 602 3568 eundem
638 3507 827 3573 illum
865 3512 1185 3576 medicum
1222 3510 1596 3606 Cornelium
1635 3511 1722 3598 (is
1765 3516 1865 3577 est
1892 3512 2363 3578 Artemidorus
