2566 4016
280 348 362 411 21

279 426 345 476 52

282 1183 349 1232 53

278 2763 349 2814 54

384 233 515 296 448
988 229 1068 284 IN
1105 229 1162 285 C.
1190 228 1500 283 VERREM
1535 228 1689 283 Ac‘r.
1728 229 1793 283 H.

516 375 811 459 Denique
848 396 995 439 cum
1033 395 1111 438 ex
1148 376 1409 438 senatus
1452 373 1751 438 consulto
1796 372 2083 455 itemque
2129 394 2214 437 ex
2261 374 2419 460 lege

385 463 690 529 Terentia
753 466 819 527 et
874 462 1102 527 Cassia
1162 461 1563 526 frumentum
1627 460 2056 542 aequabiliter
2122 462 2260 525 emi
2328 463 2418 527 ab

385 552 687 617 omnibus
716 549 974 616 Siciliae
1001 549 1378 615 civitatibus
1408 552 1762 633 oporteret,
1783 549 1853 612 id
1879 570 2136 632 quoque
2163 570 2420 615 munus

386 641 527 706 leve
566 644 760 724 atque
797 660 1134 705 commune
1169 637 1578 702 Mamertinis
1620 636 1949 701 remisisti.
2028 636 2230 702 Dices
2278 637 2421 702 fru-

385 732 677 793 mentum
721 727 1152 793 Mamertinos
1189 747 1323 790 non
1369 725 1617 789 debere.
1691 724 1833 800 Quo
1880 725 2072 789 modo
2117 747 2263 790 non
2310 727 2421 791 de-
2446 745 2471 784 5

385 817 583 882 bere?
632 838 717 879 an
751 819 827 879 ut
872 836 953 879 ne
999 814 1393 880 venderent?
1437 834 1570 878 non
1616 812 1787 877 enim
1836 818 1977 877 erat
2021 812 2171 879 hoc.
2198 835 2421 900 genus

384 903 694 969 frumenti
750 924 828 967 ex
883 924 958 967 eo
1014 923 1275 988 genere,
1333 901 1509 985 quod
1558 900 1952 986 exigeretur,
2007 901 2120 966 sed
2176 924 2267 966 ex
2320 925 2423 987 eo,

387 993 561 1075 quod
623 994 961 1056 emeretur.
1062 991 1151 1055 Te
1209 989 1414 1074 igitur
1473 993 1747 1076 auctore⁴
1790 993 1857 1054 et
1907 989 2276 1073 interprete
2335 1013 2422 1055 ne

383 1081 531 1145 foro
579 1079 837 1163 quidem
884 1083 950 1144 et
996 1080 1361 1144 commeatu
1396 1076 1772 1142 Mamertini
1814 1078 2036 1142 iuvare
2082 1080 2421 1162 populum

386 1169 752 1234 Romanum
790 1168 1163 1232 debuerunt.
1236 1164 1415 1240 Quae
1459 1165 1721 1230 tandem
1769 1166 1999 1231 civitas
2042 1164 2195 1247 fuit,
2244 1189 2420 1251 quae
2446 1187 2486 1225 m

387 1257 695 1323 deberet?
776 1255 901 1331 Qui
945 1255 1240 1340 publicos
1289 1275 1484 1339 agros
1531 1257 1740 1335 arant,
1784 1258 2032 1318 certum
2079 1258 2202 1338 est,
2255 1257 2421 1339 qnid

388 1369 423 1411 e
469 1347 615 1431 lege
670 1345 962 1409 censoria
1008 1345 1308 1424 debeant3
1362 1363 1476 1406 cm·
1519 1341 1624 1406 his
1671 1341 2017 1424 quiequam
2058 1347 2421 1426 praeterea

386 1456 464 1498 ex
492 1435 622 1498 alio
653 1452 886 1517 genere
913 1429 1362 1515 imperavisti?
1427 1429 1639 1506 Quid?
1678 1430 2015 1494 decumani
2046 1452 2216 1495 num
2255 1433 2418 1516 quid

383 1523 644 1605 praeter
699 1519 990 1603 singulas
1047 1518 1347 1582 decumas
1404 1539 1481 1582 ex
1533 1517 1678 1603 lege
1722 1517 2071 1583 Hieronica
2118 1519 2417 1585 debent?

385 1630 498 1673 cur
532 1607 636 1671 his
679 1627 934 1690 quoque
979 1605 1289 1687 statuisti,
1335 1609 1651 1688 quantum
1698 1627 1775 1670 ex
1819 1607 1942 1671 hoc
1990 1627 2236 1692 genere
2282 1608 2415 1674 fru-
2438 1626 2476 1666 ιε

385 1696 591 1760 menti
647 1693 850 1778 empti
904 1693 1175 1767 darent?
1259 1692 1428 1768 Quid
1480 1693 1842 1759 immunes?
1896 1695 1968 1759 hi
2011 1698 2192 1760 certe
2244 1698 2414 1761 nihil

387 1784 640 1849 debent.
730 1784 823 1847 At
886 1782 978 1846 eis
1039 1804 1174 1846 non
1226 1780 1419 1846 modo
1472 1781 1838 1866 imperasti,
1897 1804 2125 1846 verum
2184 1785 2412 1869 etiam,

386 1894 514 1957 quo
551 1873 699 1957 plus
743 1872 988 1952 darent,
1035 1892 1231 1954 quam
1272 1872 1596 1953 poterant,
1641 1870 1802 1935 haec
1846 1891 2174 1955 sexagena
2227 1874 2413 1937 milia

385 1961 692 2044 modium,
730 1980 893 2045 quae
928 1957 1336 2024 Mamertinis
1373 1957 1735 2042 remiseraS,
1777 1957 2101 2023 addidisti.
2172 1959 2412 2046 Neque

384 2049 509 2115 hoc
563 2049 732 2132 dico,
788 2048 1017 2113 ceteris
1070 2069 1204 2112 non
1257 2050 1431 2111 recte
1485 2047 1905 2131 imperatum,
1958 2046 2069 2111 sed
2120 2046 2410 2115 Mamer·
2429 2066 2464 2106 ¹¹

385 2137 568 2221 tinis,
616 2139 728 2221 qui
764 2140 949 2201 erant
988 2135 1058 2199 in
1103 2136 1325 2200 eadem
1371 2156 1593 2218 causa,
1637 2138 1705 2199 et
1751 2135 1982 2218 quibus
2030 2138 2412 2219 superiores

386 2246 607 2290 omnes
640 2225 1027 2309 [praetores]
1058 2223 1217 2287 item
1243 2227 1319 2287 ut
1347 2222 1578 2286 ceteris
1604 2223 2003 2306 imperarant
2028 2225 2412 2307 pecuniam·

386 2335 509 2397 que
537 2335 615 2377 ex
644 2316 904 2377 senatus
934 2312 1229 2376 consulto
1260 2315 1327 2375 et
1354 2332 1431 2374 ex
1459 2310 1604 2395 lege
1633 2311 2085 2394 dissolverant,
2122 2311 2240 2377 his
2271 2314 2411 2380 dico

383 2421 516 2464 non
560 2404 733 2464 recte
778 2398 1138 2464 remissum.
1209 2398 1299 2464 Et
1344 2401 1418 2461 ut
1460 2398 1585 2463 hoc
1631 2398 2028 2482 beneficium,
2075 2421 2288 2482 quem
2332 2403 2410 2467 ad

385 2487 648 2551 modum
712 2486 973 2569 dicitur,
1035 2487 1277 2551 trabali
1341 2487 1527 2551 clavo
1590 2486 1849 2572 figeret,
1911 2507 2056 2551 cum
2124 2491 2408 2555 consilio
2429 2505 2466 2546 ¹⁵

386 2596 648 2639 causam
701 2572 1239 2640 Mamertinorum
1298 2575 1634 2659 cognoscit
1688 2577 1756 2638 et
1809 2574 1886 2638 de
1941 2575 2209 2640 consilii
2269 2600 2410 2643 sen·

382 2662 592 2728 tentia
644 2661 1051 2727 Mamertinis
1111 2685 1180 2727 se
1239 2662 1637 2727 frumentum
1689 2683 1821 2727 non
1874 2662 2204 2747 imperare
2264 2688 2410 2751 pro-

382 2751 661 2817 nuntiat.
760 2750 999 2815 Audite
1063 2751 1390 2816 decretum
1453 2750 1878 2815 mercennarii
1938 2753 2280 2835 praetoris
2336 2777 2411 2820 ex
2498 2761 2499 2768 ’

382 2840 590 2925 ipsius
628 2839 1092 2905 commentario
1130 2844 1195 2903 et
1231 2839 1621 2925 cognoscite,
1668 2842 1913 2921 quanta
1947 2838 2017 2903 in
2054 2840 2410 2909 scribendo

386 2928 702 3014 gravitas,
760 2932 1003 3012 quanta
1054 2927 1125 2991 in
1179 2927 1630 2992 constituendo
1684 2927 1825 2991 iure
1879 2926 1968 2991 sit
2017 2931 2409 2996 auctoritas
2430 2944 2467 2986 ⁸·

380 3016 629 3083 Recita.
693 3015 1264 3081 COMMENTARIUS.
1328 3015 1409 3080 D.
1437 3013 1506 3081 G.
1536 3012 1599 3079 S.
1626 3015 1905 3080 libenter
1943 3015 2038 3080 ait
2076 3036 2148 3080 se
2184 3016 2410 3084 facere

379 3105 603 3189 itaque
647 3104 1009 3188 perscribit.
1091 3102 1277 3188 Quid,
1325 3104 1382 3167 si
1426 3104 1550 3168 hoe
1593 3103 1793 3168 verbo
1838 3124 1970 3167 non
2017 3124 2197 3168 esses
2251 3128 2410 3171 usus

384 3190 772 3257 ‘libenter'P
835 3214 954 3257 nos
1010 3191 1309 3257 videlicet
1356 3191 1637 3257 invitum
1681 3195 1748 3255 te
1795 3193 2139 3275 quaestum
2180 3192 2412 3260 facere
2497 3195 2499 3216 ⁴

380 3285 777 3366 putaremus
868 3282 966 3345 Ac
1020 3278 1129 3344 ‘de
1194 3280 1450 3345 consilii
1505 3277 1887 3344 sententia'l
1975 3278 2410 3348 Praeclarum

380 3368 642 3433 recitari
680 3368 1047 3451 consilium,
1091 3367 1360 3451 iudices,
1405 3367 1705 3450 audistis3
1751 3370 1972 3431 utrum
2008 3368 2205 3433 vobis
2255 3393 2409 3437 con·
2431 3384 2468 3426 ὖ

384 3456 600 3520 silium
635 3455 900 3521 tandem
935 3456 1255 3541 praetoris
1294 3456 1556 3521 recitari
1590 3455 1948 3537 videbatur,
1992 3476 2143 3521 cum
2185 3459 2413 3524 audie-

380 3540 556 3603 batis
634 3544 925 3626 nomina,
1004 3566 1087 3608 an
1157 3543 1502 3629 praedonis
1575 3542 2045 3628 improbissimi
2117 3547 2414 3613 societas
