2566 4016
699 185 837 240 ΜΒ.
865 185 918 240 v
972 184 1128 240 CAP.
1168 191 1378 240 59—61
1417 189 1447 249 s
1490 190 1782 240 1⁶4—159.
2129 179 2258 246 487

253 335 589 415 conventu,
635 328 702 393 id
739 328 912 413 quod
950 331 1143 393 antea
1180 328 1330 411 dixi,
1372 327 1647 392 nimium
1694 326 2039 412 diligenter
2082 347 2265 411 prae-

252 419 493 485 donum
528 439 869 482 numerum
905 416 1342 500 requirebant.
1404 415 1689 481 Haecine
1725 414 1903 498 plebi
1929 414 2263 479 Romanae

169 518 172 521 '
251 512 319 572 te
345 510 646 592 praetore
675 509 777 570 est
804 504 1163 571 constituta
1189 503 1499 588 condicio,
1534 504 1695 568 haec
1720 501 1971 588 negotii
2000 501 2265 588 gerendi

251 616 418 679 spes,
462 594 588 660 hoc
624 592 856 676 capitis
891 592 1193 677 vitaeque
1230 591 1619 657 discrimen?
1693 590 2018 655 Parumne
2055 589 2265 654 multa

198 701 225 743 ⁶
252 681 722 747 mercatoribus
783 684 935 745 sunt
987 681 1352 746 necessario
1405 679 1694 764 pericula
1748 676 2082 745 subeunda
2133 676 2265 742 for—

251 775 467 854 tunae,
510 769 640 834 nisi
677 769 877 836 etiam
910 768 1035 833 hae
1070 767 1449 834 formidines
1497 768 1579 833 ab
1623 767 1871 832 nostris
1916 764 2266 851 magistra-

251 859 427 932 tibus
484 861 678 942 atque
730 858 800 921 in
853 856 1098 922 nostris
1154 855 1505 940 provinciis
1561 853 2070 939 impendebant?
2159 852 2267 917 Ad

253 968 478 1012 eamne
515 967 653 1009 rem
687 944 815 1010 fuit
850 944 1013 1010 haec
1050 944 1426 1010 suburbana
1465 965 1539 1008 ac
1573 943 1784 1008 fidelis
1814 941 2035 1008 Sicilia
2069 940 2266 1025 plena
2338 1021 2345 1027 α

254 1035 649 1119 optimorum
680 1032 1001 1098 sociorum
1036 1032 1772 1115 honestissimorumque
1809 1030 2064 1112 civium,
2088 1050 2265 1114 ,quae

173 1140 228 1180 ιο
254 1121 413 1186 civis
466 1119 796 1185 Romanos
861 1120 1069 1185 omnis
1131 1120 1266 1186 suis
1321 1121 1466 1204 ipsa
1521 1119 1779 1185 sedibus
1834 1117 2291 1185 libentissime.

255 1229 507 1292 semper
547 1208 824 1290 accepit,
870 1211 968 1291 ut,
1015 1207 1127 1291 qui
1171 1228 1376 1292 usque
1422 1229 1499 1273 ex
1541 1208 1796 1273 ultuma
1837 1205 2025 1290 Syria
2070 1208 2266 1290 atque

253 1295 560 1381 Aegypto
596 1295 1004 1381 navigarent,
1050 1295 1161 1380 qui
1200 1295 1373 1379 apud
1409 1295 1727 1361 barbaros
1763 1297 2032 1379 propter
2068 1297 2265 1378 togae

251 1405 493 1449 nomen
541 1383 614 1448 in
666 1383 911 1448 honore
949 1383 1182 1468 ‚aliquo
1228 1383 1533 1467 fuissent,
1589 1383 1701 1469 qui
1746 1404 1822 1448 ex
1867 1382 2265 1466 praedonum

252 1472 527 1557 insidiis,
572 1472 683 1556 qui
720 1493 797 1536 ex
832 1475 1298 1556 tempestatum
1335 1471 1641 1556 periculis
1688 1470 2152 1561 profugissent,
2196 1469 2268 1533 in

175 1578 227 1620 15
253 1558 476 1627 Sicilia
531 1559 739 1625 securi
785 1559 1162 1645 ferirentur,
1215 1580 1362 1625 cum
1410 1581 1478 1625 se
1524 1560 1656 1625 iam
1702 1559 1966 1624 domum
2010 1557 2265 1624 venisse

254 1648 771 1714 arbitrarentur?

385 1735 559 1800 Nam
612 1735 768 1819 quid
821 1757 943 1821 ego
999 1736 1078 1801 de
1130 1734 1203 1799 P.
1249 1733 1488 1815 Gavio,
1542 1731 1843 1798 Consano
1890 1732 2230 1816 municipe,
2269 1702 2373 1829 165}

255 1823 491 1906 dicam,
544 1822 811 1905 iudices,
866 1827 980 1887 aut
1032 1843 1161 1906 qua
1204 1821 1271 1887 vi
1316 1821 1521 1904 vociS,
1578 1842 1706 1905 qua
1752 1820 2077 1905 gravitate
2123 1840 2266 1885 ver-

253 1910 512 1992 borum,
568 1931 695 1993 quo
752 1908 975 1973 dolore
1031 1908 1231 1973 animi
1287 1907 1540 1974 dicam?
1605 1908 1873 1973 tametsi
1926 1907 2113 1973 dolor
2163 1928 2266 1971 me

172 2018 227 2060 20
251 2021 386 2065 non
422 1997 663 2081 deficit3
707 1999 782 2062 ut
818 2000 1032 2063 cetera
1070 1996 1231 2062 mihi
1266 1997 1337 2061 in
1379 1994 1644 2063 dicendo
1691 1995 1890 2082 digna
1934 2018 2022 2081 re,
2068 1995 2267 2081 digna
2308 2061 2312 2067 ,

255 2088 476 2153 dolore
526 2107 670 2151 meo
719 2089 1097 2169 suppetant,
1152 2086 1363 2171 magis
1410 2084 1838 2150 laborandum
1884 2089 2000 2149 est.
2081 2082 2267 2161 Quod

254 2176 500 2240 crimen
553 2174 690 2239 eius
745 2172 920 2238 modi
977 2177 1105 2258 est,
1166 2178 1266 2257 ut,
1327 2195 1471 2238 cum
1527 2172 1811 2257 primum
1866 2171 1947 2236 ad
2002 2193 2105 2237 me
2161 2172 2268 2236 de-

255 2264 464 2327 latum
502 2266 621 2346 est,
657 2282 926 2326 usurum
963 2283 1066 2327 me
1104 2260 1221 2327 illo
1257 2282 1390 2326 non
1427 2264 1755 2346 putarem3
1791 2260 2058 2325 tametsi
2095 2259 2268 2325 enim

253 2350 664 2416 verissimum
729 2370 868 2414 esse
930 2348 1424 2436 intellegebam,
1486 2353 1706 2415 tamen
1766 2348 2069 2414 credibile
2127 2346 2267 2413 fore

174 2456 225 2499 25
253 2460 387 2504 non
459 2438 845 2504 arbitrabar.
946 2435 1223 2504 Coactus
1298 2437 1603 2504 lacrumis
1679 2438 1965 2503 omnium
2031 2435 2266 2502 civium

253 2527 725 2611 Romanorum,
772 2525 883 2611 qui
927 2526 997 2590 in
1033 2524 1256 2591 Sicilia
1299 2526 1746 2611 negotiantur,
1792 2525 2104 2592 adductus
2139 2522 2268 2589 Va·

253 2615 675 2698 lentinorum,
745 2614 1081 2680 hominum
1144 2614 1779 2697 honestissimorum,
1853 2613 2267 2696 omniumque

253 2701 652 2786 Reginorum
706 2703 1099 2768 testimoniis
1154 2703 1636 2786 multorumque
1692 2701 1984 2786 equitum
2033 2699 2269 2764 Roma·

252 2810 514 2872 norum,
560 2789 672 2872 qui
717 2809 872 2852 casu
915 2793 1057 2853 tum
1099 2789 1440 2855 Messanae
1484 2788 1774 2871 fuerunt,
1820 2787 1966 2853 dedi
2009 2790 2268 2853 tantum

174 2894 229 2939 ao
254 2876 469 2960 priore
499 2876 753 2941 actione
781 2876 1067 2959 testium,
1104 2897 1207 2940 res
1235 2880 1310 2940 ut
1337 2876 1582 2940 nemini
1618 2875 1815 2941 dubia
1851 2897 1990 2940 esse
2027 2879 2266 2960 posset.

255 2963 423 3041 Quid
458 2984 627 3029 nunc
665 2963 903 3049 agam?
976 2961 1139 3028 Cum
1177 2964 1311 3028 iam
1346 2966 1450 3028 tot
1483 2963 1680 3029 horas
1718 2963 1795 3029 de
1829 2986 1958 3029 uno
1998 2984 2231 3050 genere
2271 2972 2373 3023 159

255 3074 328 3119 ac
399 3052 475 3116 de
539 3050 729 3116 istius
792 3050 1043 3117 nefaria
1104 3051 1488 3117 crudelitate
1552 3050 1788 3137 dicam,
1856 3074 2002 3117 cum
2064 3073 2267 3137 prope

253 3162 512 3207 omnem
566 3140 700 3205 vim
743 3140 1091 3205 verborum
1138 3139 1274 3204 eius
1321 3139 1525 3223 modi,
1581 3161 1745 3224 quae
1793 3141 2030 3207 scelere
2075 3139 2265 3205 istius

253 3230 482 3315 digna·
515 3228 677 3313 sint,
739 3228 886 3293 aliis
946 3228 1015 3292 in
1069 3228 1261 3293 rebus
1318 3229 1829 3312 consumpserim
1881 3249 2088 3312 neque
2142 3228 2266 3293 hoc

168 3333 223 3377 ⁸⁵
250 3317 671 3402 providerim,
714 3320 791 3381 ut
832 3316 1147 3382 varietate
1193 3317 1534 3382 criminum
1579 3338 1697 3382 vos
1747 3317 2048 3383 adtentos
2094 3320 2268 3381 tene·

251 3427 417 3491 rem,
473 3426 664 3491 quem
721 3404 803 3470 ad
857 3404 1119 3470 modum
1176 3405 1252 3470 de
1306 3408 1495 3471 tanta
1549 3427 1618 3471 re
1666 3405 1917 3471 dicam?
2001 3403 2266 3490 Opinor,

250 3515 417 3558 unus
447 3493 676 3560 modus
706 3497 901 3577 atque
929 3514 1058 3559 una
1094 3494 1263 3559 ratio
1305 3497 1430 3579 est3
1468 3516 1607 3559 rem
1642 3494 1713 3559 in
1749 3493 1959 3561 medio
1996 3516 2265 3579 ponam3

2264 3781 2377 3852 ff„
