2566 4016
716 198 851 254 ΠΒ.
888 200 971 255 111
1035 198 1189 255 cAP.
1229 205 1317 268 97,
1354 205 1422 256 98
1458 205 1491 266 8
1527 205 1824 256 225—228.
2146 199 2278 265 363

255 343 756 431 magistratibus
793 347 862 409 et
896 343 1135 430 legatis
1179 343 1554 428 imperetur,
1599 342 1756 428 quid
1800 347 1916 409 aut
1960 347 2278 427 quantum

254 436 594 519 praeterea
655 435 785 516 est,
849 430 1023 516 quod
1085 435 1200 498 aut
1263 431 1543 497 liberum
1604 431 1818 516 possit
1869 431 2109 498 habere
2162 432 2277 498 ille

257 525 479 589 arator
526 543 602 587 ac
646 518 946 586 dominus
991 520 1063 585 in
1104 523 1435 604 potestate
1479 541 1745 584 suorum
1787 518 2117 585 fructuum
2164 524 2278 585 aut

255 610 329 676 in
352 608 512 695 ipsis
538 608 859 675 fructibus
889 608 1220 675 solutum?
1286 606 1529 684 Quodsi
1555 607 1715 673 haec
1748 606 1969 673 ferunt
2008 607 2242 692 omnia,
2277 619 2382 670 228

203 717 231 760 8
261 699 319 765 81
353 697 573 782 potius
608 696 796 762 vobis
835 719 909 763 ac
944 697 1041 762 rei
1075 696 1373 781 publicae
1409 718 1607 780 quam
1644 695 1771 760 sibi
1817 699 1883 761 et
1915 695 2062 761 suis
2110 717 2277 762 com-

259 786 469 853 modis
507 807 722 870 opera,
769 789 1054 871 sumptu,
1097 786 1326 851 labore
1364 784 1753 867 deserviunt,
1799 784 2081 849 etiamne
2117 784 2278 849 haec

257 897 430 941 nova
483 875 720 940 debent
775 873 987 939 edicta
1038 877 1106 939 et
1156 873 1433 958 imperia
1484 876 1859 958 praetorum
1916 877 1983 937 et
2024 870 2279 974 Aproni

260 962 770 1030 dominationem
815 965 884 1026 et
913 960 1346 1028 Veneriorum
1392 983 1725 1028 servorum
1766 960 1945 1026 furta
1988 961 2278 1047 rapinas-

261 1073 384 1136 que
419 1051 609 1135 ferre,
655 1051 935 1116 etiamne
968 1050 1371 1116 frumentum
1415 1072 1536 1136 pro
1582 1052 1803 1151 empto
1851 1049 2060 1135 gratis
2106 1049 2279 1132 dare,

178 1160 234 1200 10
261 1139 561 1223 etiamne,
603 1139 674 1204 in
709 1139 943 1204 cellam
979 1161 1126 1205 cum
1167 1139 1433 1224 cupiant
1478 1137 1686 1225 gratis
1734 1137 1905 1222 dare,
1949 1138 2125 1202 ultro
2170 1158 2277 1221 pe-

261 1227 519 1294 cuniam
556 1227 868 1314 grandem
913 1227 1164 1311 addere,
1210 1226 1491 1292 etiamne
1534 1227 1696 1292 haec
1739 1229 1845 1291 tot
1888 1224 2279 1291 detrimenta

265 1320 461 1400 atque
489 1316 727 1381 damna
752 1338 900 1382 cum
935 1315 1234 1381 maximis
1269 1314 1525 1380 iniuriis
1563 1314 2099 1416 contumeliisque
2134 1334 2279 1396 per-

261 1404 478 1470 ferre?
564 1403 794 1489 Itaque
851 1404 1038 1489 haec,
1099 1403 1369 1488 iudices,
1434 1425 1597 1487 quae
1651 1402 1792 1487 pati
1844 1403 2028 1467 nullo
2084 1401 2277 1467 modo

262 1497 631 1578 potuerunt,
674 1514 810 1560 non
842 1493 1268 1578 pertulerunt.
1339 1490 1689 1557 Arationes
1736 1513 1958 1556 omnes
2003 1494 2149 1556 tota
2185 1487 2278 1554 Si·

182 1601 235 1644 15
264 1582 415 1648 01118
479 1582 765 1648 desertas
831 1586 1025 1666 atque
1090 1605 1129 1648 a
1192 1581 1468 1647 dominis
1531 1580 1794 1646 relictas
1850 1601 1991 1644 esse
2047 1600 2280 1665 cogno·

265 1671 472 1755 scitis3
524 1693 731 1755 neque
787 1671 1132 1773 quicquam
1177 1670 1356 1736 aliud
1401 1669 1621 1755 agitur
1663 1669 1789 1734 hoc
1833 1668 2097 1752 iudicio,
2151 1666 2282 1732 11181

263 1759 366 1824 uti
436 1759 871 1843 antiquissimi
942 1759 1101 1826 80011
1172 1763 1240 1823 et
1306 1757 1694 1842 fidelissimi,
1768 1754 1996 1840 Siculi,
2066 1755 2281 1821 coloni

266 1847 494 1932 populi
545 1847 825 1912 Romani
887 1851 1081 1932 atque
1145 1851 1437 1913 aratores
1446 1897 1464 1931 ,
1526 1850 1747 1912 vestra
1810 1845 2155 1910 severitate
2214 1847 2279 1908 et
2367 1870 2378 1875 ’

270 1933 607 2020 diligentia
660 1956 764 1999 me
817 1935 974 2000 duce
1029 1939 1223 2019 atque
1279 1938 1540 2001 auctore
1592 1935 1663 2000 in
1717 1953 1911 2021 agros
1967 1936 2163 2017 atque
2210 1931 2281 1996 in

185 2043 242 2083 20
269 2022 453 2091 sedes
501 2044 649 2089 suas
694 2027 1119 2090 revertantur.

779 2362 875 2436 M.
933 2361 1218 2435 TULLI
1272 2360 1766 2435 CICERONIS
2116 2404 2120 2407 >

304 2507 780 2599 ACTIONIS
846 2507 960 2593 IN
1024 2508 1110 2595 G.
1176 2507 1619 2594 VERREM
1684 2504 2238 2594 SECUNDAE

968 2646 1189 2702 LIBER
1224 2645 1585 2715 QUARTUS,

645 2747 798 2825 QUI
842 2744 1404 2813 INSGRIBITUR
1445 2745 1565 2810 DE
1613 2742 1912 2810 SIGNIS.

913 2970 1637 3039 ARGUMENTUM.

414 3076 536 3133 Hoc
579 3076 724 3131 libro
772 3076 1144 3131 accusationis
1190 3078 1389 3145 quarto
1428 3076 1718 3157 accusator
1751 3072 2104 3154 persequitur
2137 3072 2289 3127 furta

272 3152 332 3207 et
357 3147 635 3205 maleficia
661 3163 697 3202 a
725 3146 782 3204 O.
804 3146 978 3202 Verre
1011 3148 1071 3201 in
1107 3146 1424 3202 auferendis
1462 3145 1655 3217 signis,
1690 3144 1900 3201 tabulis
1934 3143 2105 3216 pictis
2141 3146 2287 3199 cete-

269 3222 457 3291 risque
487 3218 830 3275 ornamentis
856 3221 983 3273 tota
1012 3217 1207 3273 Sicilia
1244 3217 1558 3272 commissa.
1621 3216 1688 3272 In
1724 3216 1925 3297 quibus
1960 3214 2126 3270 rebus
2164 3231 2288 3296 818·

270 3291 505 3362 quendis
545 3293 734 3346 orator
769 3291 879 3345 hoc
917 3288 1110 3344 ordine
1146 3288 1350 3357 utitur,
1396 3290 1462 3342 ut
1494 3287 1740 3358 primum
1774 3285 2067 3341 hominum
2099 3284 2290 3358 priva·

270 3366 483 3432 torum,
547 3361 749 3418 deinde
814 3360 1149 3431 oppidorum
1212 3362 1273 3415 et
1332 3361 1591 3416 fanorum
1653 3357 2058 3431 expoliationes
2120 3359 2290 3426 atque

271 3406 612 3506 direptiones
650 3421 924 3540 ostendat.
