2566 4016
392 252 523 317 438
985 250 1065 304 m
1104 250 1160 306 C.
1199 249 1509 304 VERREM
1543 247 1702 304 AOT.
1739 247 1807 304 H.
1862 287 1869 291 -

273 429 277 435 ·
395 395 618 479 huius,
665 395 777 479 qui
811 397 1041 479 postea
1084 393 1239 477 fuit,
1287 393 1616 479 singulare
1662 391 2032 476 consilium,
2076 413 2303 476 neque
2354 393 2437 458 ad

396 482 586 549 Pauli
631 483 953 548 rationem
1001 503 1075 548 ac
1122 481 1531 567 disciplinam
1576 501 1783 565 neque
1830 479 1911 544 ad
1956 478 2028 546 O.
2061 479 2248 544 Mari
2296 482 2438 547 vim

400 575 595 656 atque
632 572 969 654 virtutem3
1017 569 1129 634 sed
1166 568 1345 635 aliud
1381 590 1582 655 genus
1619 567 2035 654 imperatoris
2074 589 2242 633 sane
2290 569 2438 634 dili·

447 663 628 725 enter
650 658 1055 725 retinendum
1086 661 1152 722 et
1179 656 1708 741 conservandum,
1738 677 1997 741 quaese,
2024 658 2436 742 cognoscite.

292 759 360 810 26
433 749 714 813 tinerum
752 747 1033 832 primum
1070 746 1382 829 laborem,
1428 745 1539 828 qui
1573 744 1678 810 vel
1717 743 2036 809 maximus
2081 747 2187 809 est
2238 745 2317 809 in
2365 767 2434 810 re
2483 764 2499 805 ⁵

398 835 698 918 militari,
765 834 1035 918 iudices,
1104 837 1172 899 et
1231 833 1303 899 in
1364 830 1587 899 Sicilia
1649 831 1928 897 maxime
1989 834 2438 917 necessarius,

399 923 671 1007 accipite
727 944 922 1006 quam
977 921 1237 988 facilem
1296 921 1424 986 sibi
1478 921 1603 986 iste
1653 923 1721 985 et
1765 919 2115 986 iucundum
2161 922 2436 986 ratione
2510 984 2511 995 ,

397 1009 796 1095 consilioque
856 1009 1222 1075 reddiderit.
1312 1009 1605 1074 Primum
1659 1007 2063 1094 temporibus
2096 1008 2434 1075 'hibernis

398 1098 480 1162 ad
508 1097 1023 1184 magnitudinem
1049 1097 1372 1183 frigorum
1400 1100 1466 1161 et
1495 1095 1629 1178 [ad]
1659 1099 2128 1181 tempestatum
2166 1097 2321 1163 vim
2362 1120 2433 1164 ac

395 1186 734 1252 fluminum
788 1186 1193 1272 praeclarum
1236 1185 1361 1250 hoc
1408 1184 1535 1249 sibi
1577 1183 1934 1249 remedium
1978 1191 2430 1268 compararat.
2454 1204 2485 1243 ιο

396 1273 647 1340 Urbem
683 1272 1040 1358 Syracusas
1079 1275 1386 1360 elegerat,
1431 1272 1611 1337 cuius
1647 1272 1754 1338 hic
1796 1273 1962 1337 situs
2010 1275 2215 1356 atque
2268 1274 2430 1340 haec

395 1366 634 1427 natura
689 1384 829 1427 esse
885 1363 1012 1428 loci
1063 1363 1353 1445 caelique
1399 1360 1661 1444 dicitur,
1715 1363 1790 1425 ut
1832 1360 2052 1425 nullus
2099 1383 2215 1425 um
2225 1384 2431 1446 quam

396 1449 530 1514 dies
568 1453 706 1514 tam
742 1470 983 1534 magna
1019 1471 1093 1514 ac
1129 1449 1509 1514 turbulenta
1553 1451 1945 1533 tempestate
1988 1447 2215 1532 fuerit,
2270 1452 2431 1534 quin

395 1536 614 1620 aliquo
653 1539 945 1621 tempore
983 1536 1119 1600 eius
1160 1536 1288 1600 diei
1324 1536 1529 1601 solem
1569 1536 1865 1601 homines
1911 1535 2220 1601 viderint.
2306 1538 2428 1604 Hic

392 1623 490 1688 ita
542 1622 807 1688 vivebat
861 1623 984 1688 iste
1039 1622 1247 1688 bonus
1302 1624 1660 1708 imperator
1712 1623 2002 1689 hibernis
2058 1626 2429 1710 mensibus,
2450 1642 2483 1682 ιε

392 1714 467 1776 ut
523 1732 668 1776 eum
722 1732 855 1776 non
905 1710 1098 1776 facile
1150 1732 1286 1777 non
1337 1711 1529 1776 modo
1587 1715 1770 1777 extra
1822 1714 2095 1795 tectum,
2164 1714 2295 1778 sed
2351 1736 2428 1779 ne

395 1803 577 1864 extra
630 1800 872 1865 lectum
928 1799 1185 1884 quidem
1231 1799 1574 1884 quisquam
1620 1799 1895 1884 videret3
1950 1800 2045 1864 ita
2091 1799 2232 1865 diei
2284 1803 2427 1868 bre-

392 1889 563 1954 vitas
628 1887 968 1972 conviviis,
1030 1887 1240 1953 noctis
1306 1886 1647 1973 longitudo
1715 1887 1958 1973 stupris
2015 1890 2080 1952 et
2137 1887 2427 1976 flagitiis
2510 1952 2511 1957 ,

395 1976 865 2059 continebatur.

287 2069 356 2121 2⁷
526 2063 704 2131 Cum·
746 2068 964 2130 autem
1018 2086 1133 2130 ver
1184 2085 1326 2129 esse
1371 2068 1671 2149 coeperat
1717 2061 1930 2151 (cuius
1972 2063 2254 2131 initium
2304 2069 2477 2133 istem

391 2174 524 2218 non
579 2175 618 2218 a
668 2152 957 2219 Favonio
1014 2174 1221 2237 neque
1278 2153 1361 2217 ab
1418 2152 1636 2236 aliquo
1694 2156 1874 2218 astro
1928 2152 2246 2237 notabat,
2322 2156 2428 2221 sed

392 2263 538 2306 cum
593 2261 813 2305 rosam
865 2240 1144 2325 viderat,
1209 2244 1351 2305 tum
1404 2240 1685 2326 incipere
1739 2261 1854 2306 ver
1910 2240 2427 2330 arbitrabatur),

393 2327 591 2393 dabat
643 2349 711 2393 se
756 2328 970 2393 labori
1015 2332 1211 2412 atque
1255 2328 1627 2412 itineribus3
1682 2328 1752 2392 in
1798 2328 2031 2413 quibus
2077 2350 2158 2394 eo
2208 2352 2426 2417 usque

395 2436 462 2479 se
490 2415 847 2500 praebebat
882 2415 1242 2498 patientem
1279 2419 1475 2500 atque
1512 2416 1883 2502 impigrum,
1919 2419 1994 2481 ut
2029 2436 2183 2482 eum
2222 2440 2425 2485 nemo

292 2501 370 2563 11
392 2523 702 2585 umquam
763 2502 833 2565 in
897 2523 1061 2586 equo
1126 2502 1458 2568 sedentem
1519 2503 1771 2570 viderit.
1870 2503 2070 2588 Nam,
2135 2508 2218 2569 ut
2283 2522 2477 2574 mos*

390 2588 516 2654 fuit
554 2587 900 2673 Bithyniae
937 2590 1221 2677 regibus,
1265 2592 1497 2657 lectica
1543 2592 1897 2676 octaphoro
1942 2591 2317 2680 ferebatur,
2363 2598 2429 2662 in
2510 2605 2511 2614 ’

392 2699 519 2762 qua
572 2678 877 2763 pulvinus
934 2682 1076 2743 erat
1126 2679 1491 2763 perlucidus
1547 2679 1906 2745 Melitensis
1961 2701 2113 2745 rosa
2166 2681 2424 2767 fartus;

389 2766 530 2851 ipse
569 2769 786 2831 autem
825 2787 1127 2832 coronam
1163 2766 1451 2833 habebat
1495 2789 1691 2832 unam
1736 2768 1806 2831 in
1851 2767 2082 2852 capite,
2128 2769 2426 2838 alteram

388 2855 459 2918 in
513 2855 682 2919 collo
737 2855 1208 2940 reticulumque
1264 2855 1347 2920 ad
1390 2856 1568 2920 naris
1617 2855 1743 2920 sibi
1789 2855 2184 2921 admovebat
2232 2862 2425 2926 tenu-

389 2942 614 3008 issimo
662 2942 816 3026 lino,
863 2943 1131 3009 minutis
1178 2944 1469 3028 maculis,
1514 2944 1780 3029 plenum
1826 2965 2028 3009 rosae.
2102 2940 2215 3010 Sic
2273 2970 2423 3015 con·
2446 2964 2477 3003 ’θ

384 3030 560 3095 fecto
597 3030 829 3095 itinere
867 3052 1012 3096 cum
1056 3031 1138 3096 ad
1183 3031 1449 3116 aliquod
1496 3031 1804 3116 oppidum
1847 3034 2135 3116 venerat,
2184 3036 2422 3102 eadem

387 3118 619 3185 lectica
654 3140 857 3203 usque
894 3118 963 3183 in
1000 3119 1366 3185 cubiculum
1414 3119 1838 3206 deferebatur.
1909 3118 2008 3185 Eo
2054 3121 2423 3190 veniebant

388 3203 752 3272 Siculorum
795 3207 1252 3293 magistratus,
1298 3207 1646 3273 veniebant
1690 3208 1940 3292 equites
1986 3206 2316 3296 Romani,
2360 3212 2424 3277 id

388 3294 561 3378 quod
607 3317 683 3360 ex
731 3295 957 3360 multis
1002 3295 1233 3361 iuratis
1282 3295 1584 3380 audistis3
1629 3295 2106 3362 controversiae
2158 3306 2420 3366 secreto

386 3381 869 3468 deferebantur,
914 3384 1110 3469 paulo
1157 3388 1310 3470 post
1355 3384 1578 3470 palam
1622 3385 1880 3449 decreta
1926 3383 2421 3455 auferebantur.
2442 3401 2475 3442 ε

382 3467 661 3555 Deinde,
714 3470 828 3535 ubi
880 3472 1214 3556 paulisper
1257 3473 1331 3537 in
1374 3471 1670 3538 cubiculo
1716 3472 1928 3557 pretio
1938 3521 1957 3556 ,
2009 3493 2147 3538 non
2196 3478 2423 3562 aequi·

383 3556 522 3615 tate
559 3555 704 3620 iura
741 3558 1177 3644 discripserat,
1223 3558 1465 3625 Veneri
1509 3560 1640 3625 iam
1687 3563 1755 3625 et
1797 3558 2033 3626 Libero
2080 3562 2425 3649 reliquum
