2566 4016
330 226 460 292 256
930 226 1009 282 IN
1047 225 1105 280 c.
1132 225 1442 280 VERREM
1480 224 1633 279 Ac'r.
1674 226 1741 278 11.

330 372 706 454 abstulisse3
769 371 920 436 huic
984 370 1184 435 etiam
1235 369 1485 435 Romae
1549 369 1840 435 videmus
1895 368 1966 433 in
2018 367 2164 433 basi
2219 372 2342 433 sta-

329 465 589 525 tuarum
629 459 926 525 maximis
972 458 1212 523 litteris
1259 458 1562 523 incisum:
1610 459 1671 520 A
1700 474 2021 523 commin
2048 453 2343 522 SICILIAE

229 560 328 610 155
365 566 608 614 DATAS.
668 548 877 625 Quam
906 548 990 612 ob
1019 569 1157 612 rem
1185 547 1298 631 qui
1324 546 1449 611 hoc
1484 546 1765 630 probare
1800 549 1987 631 potes
2026 545 2340 628 cuiquam,

225 634 312 697 64
367 639 591 702 tantos
616 636 896 702 honores
924 634 1186 700 habitos
1218 656 1360 699 esse
1390 634 1473 698 ab
1500 633 1772 699 invitis?
1824 632 1948 697 Hic
1985 633 2110 697 tibi
2147 633 2341 697 etiam

331 727 540 789 multo
578 725 790 810 magis
829 746 1025 807 quam
1061 723 1258 807 paulo
1299 726 1450 787 ante
1486 723 1556 785 in
1594 722 1964 787 aratoribus
2000 719 2341 785 videndum
2365 738 2388 779 ⁵

331 817 398 877 et
470 812 1007 878 considerandum
1079 815 1180 875 est
1245 811 1400 894 quid
1463 810 1644 874 velis.
1752 809 1996 895 Magna
2059 830 2163 873 res
2228 812 2344 890 est,

330 906 552 965 utrum
587 901 713 964 tibi
751 897 1001 964 Siculos
1047 899 1306 984 publice
1342 898 1779 984 privatimque
1818 898 2059 962 amicos
2101 918 2187 961 an
2230 897 2344 960 ini·

330 988 533 1053 micos
581 988 941 1053 existimari
984 987 1166 1052 velis,
1248 985 1319 1052 Si
1363 986 1689 1069 inimicos,
1746 985 1898 1069 quid
1945 989 2010 1050 te
2053 984 2346 1050 futurum

332 1077 477 1141 est?
525 1098 652 1160 quo
689 1075 1069 1161 confugies?
1115 1075 1229 1140 ubi
1271 1074 1527 1139 nitere?
1598 1073 1794 1139 Modo
1842 1079 2192 1157 aratorum,
2235 1073 2347 1138 ho·

329 1164 849 1230 nestissimorum
884 1164 1222 1229 hominum
1260 1186 1335 1229 ac
1372 1162 2032 1248 locupletissimorum
2074 1165 2141 1226 et
2176 1159 2347 1226 Sicu·
2373 1180 2418 1219 10

329 1253 544 1318 lorum
582 1257 648 1318 et
685 1254 920 1319 civium
958 1252 1421 1334 Romanorum,
1458 1251 1810 1316 maximum
1846 1272 2182 1314 numerum
2230 1251 2347 1314 abs

330 1344 397 1406 te
444 1341 858 1424 abalienasti3
905 1363 1074 1406 nunc
1120 1341 1198 1404 de
1244 1337 1479 1405 Siculis
1526 1338 1922 1411 civitatibus
1947 1339 2102 1422 quid
2148 1339 2348 1424 ages?

329 1428 522 1493 Dices
561 1429 686 1492 tibi
715 1427 965 1494 Siculos
1003 1450 1144 1492 esse
1183 1428 1470 1493 amicos?
1519 1428 1629 1512 qui
1664 1427 1957 1511 poteris?
2004 1427 2131 1511 qui,
2178 1427 2352 1510 quod

329 1516 514 1580 nullo
539 1516 610 1580 in
635 1517 899 1581 homine
929 1519 1121 1581 antea
1145 1515 1452 1599 fecerant,
1488 1519 1563 1579 ut
1598 1516 1666 1579 in
1704 1537 1849 1581 eum
1885 1515 2143 1601 publice
2170 1515 2351 1580 testi·

333 1603 622 1668 monium
651 1603 957 1688 dicerent,
994 1626 1139 1670 cum
1176 1603 1564 1689 praesertim
1602 1625 1678 1667 ex
1717 1625 1794 1669 ea
1829 1604 2163 1688 provincia
2198 1624 2352 1669 con·
2379 1621 2421 1662 15

333 1692 621 1757 demnati
659 1693 791 1757 sint
828 1692 1211 1777 complures,
1257 1692 1369 1776 qui
1405 1692 1498 1756 ibi
1539 1695 1871 1777 praetores
1917 1690 2178 1774 fuerint,
2225 1693 2351 1756 duo

332 1781 459 1846 soli
487 1781 793 1865 absoluti,
830 1781 900 1845 hi
928 1803 1098 1846 nunc
1126 1781 1393 1846 veniunt
1423 1802 1569 1845 cum
1605 1780 1865 1862 litteris,
1901 1780 2168 1845 veniunt
2205 1803 2353 1846 cum

332 1870 676 1951 mandatis,
693 1869 962 1935 veniunt
985 1891 1129 1935 cum
1152 1869 1547 1934 testimoniis
1570 1868 1875 1952 publicis3
1904 1869 2032 1952 qui,
2060 1869 2118 1933 si
2144 1872 2213 1933 te
2243 1891 2355 1955 pu-

331 1957 500 2024 blice
529 1959 888 2044 laudarent,
923 1962 1145 2025 tamen
1169 1958 1236 2024 id
1265 1979 1444 2023 more
1470 1957 1689 2043 potius
1727 1978 1844 2022 suo
1884 1978 2079 2041 quam
2116 1957 2354 2022 merito

331 2051 447 2112 tuo
474 2046 688 2113 facere
716 2048 1103 2132 viderentur,
1140 2047 1199 2113 ei
1227 2069 1373 2112 cum
1404 2047 1480 2111 de
1515 2046 1646 2110 tuis
1681 2045 1873 2110 factis
1911 2045 2167 2131 publice
2207 2069 2353 2112 con·
2376 2064 2420 2103 20

335 2140 708 2219 queruntur,
747 2158 963 2202 nonne
999 2136 1122 2201 hoc
1159 2135 1465 2219 indicant,
1509 2138 1729 2199 tantas
1767 2155 1908 2199 esse
1943 2133 2236 2218 iniurias,
2284 2138 2355 2199 ut

335 2224 543 2288 multo
563 2224 912 2288 maluerint
932 2223 1009 2287 de
1028 2244 1145 2288 suo
1166 2244 1346 2287 more
1367 2221 1665 2287 decedere
1686 2244 1881 2306 quam
1902 2222 1979 2287 de
1998 2223 2130 2287 tuis
2159 2223 2357 2288 mori·

231 2320 332 2370 156
370 2311 493 2375 bus
555 2332 687 2375 non
748 2310 1002 2375 dicere?
1092 2308 1546 2375 Confitendum
1592 2314 1693 2374 est
1738 2311 1941 2396 igitur
1985 2311 2353 2377 necessario

333 2398 457 2461 tibi
503 2396 753 2463 Siculos
799 2398 1095 2462 inimicos
1142 2419 1300 2481 esse,
1347 2398 1457 2482 qui
1504 2398 1762 2482 quidem
1812 2401 1929 2480 [et]
1976 2399 2047 2463 in
2091 2403 2157 2463 te
2209 2421 2357 2486 gra·

334 2484 605 2550 vissima
640 2485 975 2568 postulata
1010 2486 1384 2552 consulibus
1432 2486 1747 2551 ediderint
1792 2491 1859 2551 et
1905 2509 2026 2571 me,
2070 2490 2145 2551 ut
2180 2486 2355 2552 hanc
2378 2502 2420 2542 ²⁵

335 2594 598 2640 causam
655 2573 1012 2658 salutisque
1069 2596 1221 2639 suae
1256 2573 1716 2640 ’defensionem
1763 2576 2182 2660 susciperem,
2245 2576 2358 2640 ob·

337 2662 677 2747 secrarint,
730 2663 841 2747 qui
886 2685 1033 2727 cum
1079 2685 1118 2728 a
1161 2666 1463 2747 praetore
1507 2663 2035 2748 prohiberentur,
2083 2686 2121 2728 a
2166 2667 2356 2748 quat-

334 2755 486 2815 tuor
531 2751 984 2835 quaestoribus
1030 2751 1515 2836 impedirentur,
1562 2752 1851 2817 omnium
1896 2752 2107 2817 minas
2154 2756 2359 2837 atque

336 2839 556 2904 omnia
619 2840 903 2923 pericula
964 2861 1120 2924 prae
1186 2840 1397 2904 salute
1453 2862 1569 2904 sua
1623 2840 1794 2905 levia
1850 2840 2172 2924 duxerint,
2246 2840 2359 2924 qui

335 2928 551 3012 priore
607 2927 860 2993 actione
910 2928 1006 2992 ita
1051 2927 1428 2993 testimonia
1473 2928 1763 3013 graviter
1808 2928 2361 3013 vehementerque
2386 2943 2430 2983 ³⁰

334 3015 646 3099 dixerint,
716 3019 790 3080 ut
853 3016 1278 3081 Artemonem
1352 3014 1845 3100 Centuripinum
1920 3017 2216 3103 legatum
2296 3019 2361 3081 et

335 3104 592 3188 publice
628 3108 865 3169 testem
904 3104 977 3180 Q.
1004 3103 1392 3168 Hortensius
1433 3107 1891 3189 accusatorem,
1938 3128 2069 3170 non
2114 3109 2365 3170 testem

337 3212 477 3256 esse
543 3191 798 3257 diceret.
894 3191 1155 3256 Etenim
1220 3192 1335 3256 ille
1393 3214 1537 3257 cum
1591 3197 1863 3277 propter
1918 3194 2237 3258 virtutem
2299 3197 2364 3258 et

334 3278 528 3343 fidem
558 3302 703 3344 cum
725 3279 1048 3364 Androne,
1084 3279 1349 3345 homine
1375 3280 1836 3347 honestissimo
1866 3286 1933 3346 et
1970 3282 2367 3363 certissimo,

337 3370 478 3429 tum
516 3368 714 3431 etiam
749 3372 1017 3452 propter
1056 3368 1494 3453 eloquentiam
1531 3369 1790 3455 legatus
1838 3393 1877 3435 a
1923 3371 2055 3435 suis
2103 3370 2364 3435 civibus
2391 3380 2435 3423 ³⁵

340 3450 580 3515 electus
628 3458 756 3538 est,
802 3459 874 3519 ut
917 3460 1138 3540 posset
1184 3457 1427 3522 multas
1473 3457 1664 3522 istius
1712 3462 1778 3523 et
1823 3459 2035 3524 varias
2080 3457 2366 3523 iniurias

341 3557 534 3618 quam
581 3542 987 3621 apertissime
1033 3544 1222 3609 vobis
1268 3546 1778 3631 planissimeque
1827 3547 2160 3632 explicare.
