2566 4016
364 224 497 290 358
971 218 1054 275 IN
1091 218 1150 275 C.
1182 217 1488 274 VERREM
1521 215 1676 272 Ac‘r.
1712 215 1781 271 11.
1853 304 1860 309 ἢ

366 368 800 449 Sacerdotem,
824 387 1033 450 neque
1060 362 1517 444 mentiebatur,
1544 360 1656 426 sed
1683 358 1907 425 eadem
1935 355 2396 424 aestimatione

368 458 536 524 alter
596 457 971 522 sublevarat
1027 456 1348 535 aratores,
1412 451 1582 516 alter
1635 449 1976 515 everterat.
2075 443 2397 522 Quodnisi

369 546 581 612 omnis
632 543 947 610 frumenti
989 542 1160 607 ratio
1207 563 1286 606 ex
1331 537 1736 622 temporibus
1783 539 1956 601 esset
2001 538 2069 599 et
2113 555 2396 619 annona,

364 657 501 701 non
551 656 629 699 ex
672 653 941 698 numero
985 652 1195 715 neque
1239 649 1320 694 ex
1364 649 1620 694 summa
1663 621 2155 707 consideranda,
2206 644 2396 688 num-

369 744 567 808 quam
602 726 742 787 tam
787 720 961 806 grati
1005 719 1078 783 hi
1123 715 1562 803 sesquimodii,
1605 713 1680 792 Q.
1715 711 2052 798 Hortensi,
2090 710 2395 796 fuissent,
2422 727 2450 770 ⁵

369 833 530 896 quos
615 812 697 873 tu.
762 829 908 874 cum
972 808 1057 873 ad
1118 827 1456 872 mensurae
1518 806 1658 870 tam
1713 803 2013 890 exiguam
2066 800 2394 867 rationem

367 898 613 984 populo
664 895 962 962 Romano
1014 896 1085 960 in
1141 895 1360 980 capita
1416 891 1882 978 discripsisseS,
1941 888 2396 977 gratissimum

369 986 669 1052 omnibus
695 984 941 1068 fecisti3
977 984 1215 1050 caritas
1245 982 1417 1048 enim
1446 1001 1741 1048 annonae
1766 979 2068 1065 faciebat,
2092 982 2169 1044 ut
2192 977 2396 1063 istud,

371 1074 543 1158 quod
587 1094 671 1138 re.
702 1095 975 1159 parvum
1021 1072 1304 1156 videtur,
1348 1074 1642 1154 tempore
1688 1089 2001 1156 magnum
2045 1065 2394 1134 videretur.

368 1162 550 1228 Idem
603 1162 772 1228 istuc
828 1161 886 1227 si
936 1161 1008 1226 in
1059 1160 1318 1226 vilitate
1371 1158 1615 1245 populo
1659 1157 1954 1223 Romano
1999 1154 2232 1243 largiri
2273 1176 2397 1220 vo·
2425 1174 2484 1215 ιο

370 1252 633 1335 luisseS,
698 1249 983 1316 derisum
1046 1254 1233 1315 tuum
1297 1246 1681 1314 beneficium
1746 1249 1917 1312 esset
1981 1248 2177 1330 atque
2238 1263 2399 1310 con-

266 1343 903 1522 {sstemgiblllinigitur
938 1426 1149 1491 dicere
1193 1426 1395 1490 istum
1441 1424 1613 1491 idem
1655 1423 1905 1509 fecisse,
1951 1421 2124 1508 quod
2169 1419 2396 1488 Sacer-

373 1514 617 1596 dotem,
691 1514 997 1597 quoniam
1066 1536 1201 1580 non
1270 1513 1497 1580 eodem
1560 1516 1854 1598 tempore
1915 1532 2124 1597 neque
2189 1509 2402 1576 simili

369 1601 526 1667 fecit
571 1623 853 1685 annona3
909 1601 1106 1668 dicito
1150 1602 1370 1687 potius
1382 1652 1401 1686 ,
1458 1601 1764 1686 quoniam
1808 1600 2011 1667 habes
2060 1602 2399 1665 auctorem
2427 1619 2481 1660 ιε

370 1691 693 1774 idoneum,
737 1689 909 1775 quod
934 1689 1262 1755 Antonius
1300 1711 1428 1756 uno
1467 1690 1749 1755 adventu
1785 1692 1852 1754 et
1887 1688 1994 1754 vix
2039 1688 2399 1754 menstruis

371 1778 633 1845 cibariis
661 1779 905 1863 fecerit,
940 1779 1008 1845 id
1034 1778 1233 1845 istum
1268 1800 1386 1864 per
1420 1777 1775 1843 triennium
1808 1776 2059 1862 fecisse,
2097 1780 2165 1841 et
2198 1775 2399 1842 istius

368 1868 806 1934 innocentiam
851 1866 937 1932 M.
975 1868 1225 1934 Antoni
1278 1867 1456 1933 facto
1502 1870 1697 1951 atque
1743 1866 2133 1933 auctoritate
2178 1863 2398 1931 defen·

373 1956 527 2023 dito.
607 1954 782 2023 Nam
821 1956 898 2022 de
936 1954 1077 2023 Sex.
1106 1956 1365 2042 quidem
1400 1954 1752 2040 Peducaeo,
1795 1954 2155 2022 fortissimo
2194 1957 2400 2040 atque

370 2046 901 2112 innocentissimo
954 2047 1097 2110 viro
1106 2096 1125 2129 ,
1183 2044 1341 2130 quid
1394 2045 1665 2110 dicetis?
1740 2044 1816 2108 de
1871 2065 2000 2127 quo
2056 2043 2202 2129 quis
2257 2066 2401 2109 um·
2426 2063 2479 2105 so

372 2157 568 2217 quam
594 2138 817 2200 arator
854 2138 1121 2217 questus
1160 2134 1306 2199 est?
1353 2137 1468 2199 aut
1503 2134 1647 2217 quis
1684 2153 1816 2198 non
1854 2132 1936 2198 ad
1971 2132 2095 2198 hoc
2132 2136 2399 2218 tempus

370 2222 969 2287 innocentissimam
1028 2222 1318 2287 omnium
1377 2220 2075 2307 diligentissimamque
2133 2226 2400 2305 praetu-

370 2332 513 2375 ram
567 2309 746 2374 illius
799 2308 1083 2374 hominis
1136 2308 1512 2374 existimat?
1594 2308 1937 2374 Biennium
1985 2309 2401 2394 provinciam

372 2396 674 2461 obtinuit.
746 2394 909 2462 Cum
947 2397 1115 2461 alter
1151 2418 1356 2462 annus
1393 2397 1464 2462 in
1500 2396 1773 2482 vilitate,
1821 2398 1989 2463 alter
2022 2398 2096 2462 in
2134 2419 2401 2466 summa

370 2483 643 2549 caritate
695 2482 920 2568 fuerit,
975 2506 1132 2549 num
1185 2489 1300 2550 aut
1353 2486 1422 2551 in
1475 2486 1730 2551 vilitate
1784 2507 2120 2552 nummum
2166 2492 2401 2554 arator
2425 2504 2469 2545 ²⁵

372 2572 717 2657 quisquam
772 2573 950 2637 dedit
1004 2577 1118 2638 aut
1169 2574 1240 2638 in
1294 2574 1566 2639 caritate
1622 2575 1700 2639 de
1754 2574 2210 2640 aestimatione
2262 2576 2402 2643 fru-

372 2661 576 2726 menti
639 2665 906 2747 questus
972 2661 1116 2726 est?
1206 2660 1301 2727 At
1354 2662 1656 2727 uberiora
1710 2662 1954 2729 cibaria
2005 2663 2185 2729 facta
2241 2670 2401 2730 sunt

370 2749 660 2815 caritate.
741 2748 977 2834 Gred03
1021 2772 1229 2835 neque
1264 2750 1334 2814 id
1371 2753 1471 2815 est
1505 2771 1748 2816 novum
1791 2772 1999 2835 neque
2043 2752 2400 2837 reprehen-

261 2847 367 2897 217
406 2838 700 2904 dendum.
781 2837 974 2905 Modo
1014 2837 1082 2905 O.
1122 2836 1417 2904 Sentium
1451 2838 1750 2925 vidimus,
1795 2840 2126 2905 hominem
2170 2845 2398 2907 vetere
2511 2893 2512 2906 ,

366 2926 489 2992 illa
542 2949 617 2992 ac
674 2927 993 3013 singulari
1043 2927 1415 2993 innocentia
1461 2927 1856 3013 praeditum,
1909 2932 2183 3013 propter
2228 2931 2397 2996 cari·
2423 2946 2470 2988 ω

367 3019 574 3080 tatem
610 3015 940 3099 frumenti,
979 3037 1141 3099 quae
1178 3014 1395 3081 fuerat
1429 3016 1500 3079 in
1531 3014 1927 3101 Macedonia,
1961 3038 2396 3104 permagnam
2509 3077 2510 3090 ,

368 3124 445 3167 ex
498 3104 761 3170 cibariis
814 3104 1155 3188 pecuniam
1211 3103 1573 3188 deportare.
1662 3102 1870 3179 Quam
1924 3105 2008 3171 ob
2064 3126 2208 3171 rem
2259 3129 2398 3173 non
2507 3173 2508 3178 ,

365 3211 519 3341 ἓῗὲἰι
535 3191 1985 3368 ifflssssffqffissfliinssssissb{admoti-32⁶0
2006 3194 2397 3350 ³335&

520 3328 537 3360 5
1132 3330 1150 3364 7

363 3361 435 3425 in
478 3365 721 3431 crimen
766 3370 832 3432 et
876 3367 946 3433 in
991 3367 1298 3434 iudicium
1343 3391 1521 3435 voco.
1984 3331 2004 3366 ²
2417 3385 2461 3427 ³⁵

498 3450 743 3525 Quodsi
772 3455 1170 3540 suspiciones
1196 3457 1433 3523 inicere
1461 3457 1680 3523 velitis
1710 3457 1793 3524 ad
1825 3458 2035 3543 pluris
2070 3459 2396 3546 homines,

272 3583 288 3594 .
364 3530 450 3593 ad
505 3535 712 3615 pluris
766 3543 1134 3624 provincias
1188 3546 1432 3612 crimen
1484 3546 1610 3611 hoc
1662 3548 2013 3632 pertinere,
2073 3570 2210 3614 non
2268 3571 2397 3638 ego
