2566 4016
744 186 878 241 ΜΒ.
918 188 970 241 11
1026 187 1175 243 CAP.
1217 194 1424 244 29—31
1463 195 1494 255 s
1533 195 1758 244 71—77.
2136 190 2264 255 227

252 333 323 396 in
375 334 633 416 partem
687 352 820 395 non
876 331 1088 395 solum
1143 335 1385 414 mente,
1447 353 1673 398 verum
1728 332 1926 398 etiam
1980 355 2268 417 corpore,

253 424 328 485 ut
382 440 634 502 omnes,
690 418 802 502 qui
848 418 1143 501 aderant,
1195 419 1578 505 intellegere
1623 424 1892 504 possent
1936 421 2006 485 in
2050 422 2266 487 animo

254 509 392 573 eius
438 510 688 571 metum
733 527 899 590 cum·
926 506 1278 590 cupiditate
1325 527 1634 592 pugnare.
1723 506 1889 571 Erat
1932 508 2268 574 hominum

256 598 611 662 conventus
669 594 1019 677 maximus,
1073 615 1398 658 summum
1454 594 1810 678 silentium,
1865 617 2118 660 summa
2168 618 2268 660 ex-

202 701 229 740 5
257 682 562 768 pectati0,
599 703 882 765 quonam
919 684 1091 746 esset
1127 682 1264 747 eius
1302 682 1622 766 cupiditas
1662 686 1997 766 eruptura3
2041 684 2267 748 crebro

259 793 328 835 se
376 791 676 835 accensus
724 768 1111 834 demittebat
1156 769 1238 833 ad
1285 791 1506 835 aurem
1551 769 2009 835 Timarchides.
2100 769 2268 836 Tum

256 859 383 923 iste
438 856 811 941 aliquando:
860 855 1027 942 ‘Age
1084 856 1183 921 dic
1196 856 1234 920 1⁹
1292 857 1520 941 inquit.
1602 857 1774 922 Reus
1831 879 2017 922 orare
2074 862 2267 941 atque

258 947 615 1027 obsecrare,
658 949 734 1010 ut
779 967 924 1008 cum
970 944 1240 1009 consilio
1288 948 1723 1029 cognosceret.
1794 944 1960 1010 Tum
2004 950 2269 1030 repente

255 1035 382 1098 iste
436 1037 639 1098 testes
697 1033 884 1096 citari
937 1032 1144 1115 iubet3
1200 1031 1358 1097 dicit
1413 1055 1578 1097 unus
1634 1036 1699 1096 et
1746 1033 1913 1097 alter
1957 1034 2269 1118 breviter3

178 1140 229 1179 ιο
256 1122 423 1186 nihil
476 1121 947 1205 interrogatur3
1008 1141 1241 1203 praeco
1297 1137 1574 1186 DIXISSE
1629 1121 2028 1205 pronuntiat.
2116 1120 2268 1205 Iste,

258 1209 445 1292 quasi
491 1211 826 1291 metueret,
871 1229 951 1271 ne
986 1206 1260 1271 Petilius
1307 1208 1564 1292 privato
1610 1208 1729 1272 illo
1775 1208 2010 1272 iudicio
2056 1211 2269 1272 trans-

261 1300 407 1361 acto
443 1300 554 1361 aut
588 1296 848 1380 prolato
886 1317 1031 1360 cum
1070 1294 1300 1360 ceteris
1337 1295 1408 1358 in
1443 1295 1786 1360 consilium
1820 1298 2269 1379 reverteretur,

259 1385 355 1448 ita
399 1405 754 1468 properans
804 1382 880 1446 de
929 1383 1093 1447 sella
1138 1382 1348 1465 exilit,
1400 1382 1731 1448 hominem
1774 1382 2185 1448 innocentem
2230 1406 2270 1448 a

260 1470 331 1536 O.
378 1469 721 1536 Sacerdote
791 1470 1165 1535 absolutum
1231 1470 1475 1536 indicta
1538 1493 1732 1536 causa
1801 1471 1879 1535 de
1944 1471 2270 1536 sententia

179 1575 231 1616 15
261 1560 536 1642 scribae,
584 1558 815 1623 medici
859 1557 1404 1643 haruspicis[que]
1450 1559 1851 1624 condemnat.

391 1647 717 1728 Retinete,
789 1646 1066 1710 retinete
1128 1646 1458 1710 hominem
1520 1646 1591 1710 in
1652 1647 1941 1731 civitate,
2008 1646 2268 1730 iudiceS,
2287 1623 2368 1688 31

260 1735 505 1820 parcite
544 1739 608 1798 et
645 1738 1040 1817 conservate,
1083 1737 1160 1798 ut
1195 1733 1301 1817 sit,
1346 1733 1458 1817 qui
1494 1735 1828 1799 vobiscum
1863 1756 1967 1798 res
2013 1734 2269 1816 iudicet,

264 1823 374 1906 qui
426 1822 497 1885 in
551 1824 780 1886 senatu
835 1821 972 1885 sine
1026 1821 1165 1886 ulla
1216 1821 1574 1905 cupiditate
1630 1821 1709 1884 de
1761 1821 1936 1885 bello
1994 1824 2059 1884 et
2111 1843 2270 1904 pace

264 1910 654 1973 sententiam
687 1908 875 1973 ferat.
958 1907 1247 1973 Tametsi
1292 1908 1504 1971 minus
1550 1907 1618 1971 id
1657 1907 1921 1991 quidem
1965 1908 2156 1972 nobis
2203 1911 2268 1972 et

180 2015 234 2054 20
259 1997 504 2084 populo
549 1997 843 2063 Romano
902 1995 1329 2062 laborandum
1384 1999 1511 2079 est,
1566 1995 1778 2080 qualis
1827 1995 2018 2060 istius
2062 1995 2132 2060 in
2178 2018 2271 2060 se-

259 2090 420 2151 natu
467 2086 789 2151 sententia
831 2084 1055 2150 futura
1100 2084 1205 2148 sit.
1288 2083 1465 2158 Quae
1512 2083 1683 2148 enim
1729 2083 1866 2148 eius
1914 2084 2268 2149 auctoritas

262 2175 428 2239 erit?
488 2173 742 2258 quando
799 2173 924 2238 iste
972 2171 1361 2237 sententiam
1407 2171 1615 2237 dicere
1662 2171 1925 2236 audebit
1972 2174 2085 2235 aut
2128 2176 2270 2257 pot-

263 2262 431 2325 erit?
479 2261 734 2344 quando
790 2265 1008 2325 autem
1061 2260 1259 2325 homo
1315 2262 1539 2324 tantae
1589 2260 1882 2324 luxuriae
1928 2263 2122 2343 atque
2170 2260 2271 2324 de-

264 2347 464 2413 sidiae
481 2349 610 2414 nisi
626 2347 980 2414 Februario
1010 2370 1227 2413 mense
1256 2348 1576 2432 aspirabit
1602 2348 1672 2412 in
1700 2348 1989 2412 curiam?
2025 2346 2271 2413 Verum

182 2451 234 2493 25
261 2436 482 2502 veniat
557 2458 738 2521 sane,
821 2436 1120 2502 decernat
1191 2435 1439 2501 bellum
1512 2434 1958 2520 CretensibuS,
2038 2436 2272 2500 liberet

260 2522 640 2609 Byzantios,
711 2545 932 2609 regem
1002 2523 1290 2609 appellet
1351 2522 1829 2607 Ptolomaeum,
1903 2546 2066 2607 quae
2128 2524 2272 2589 vult

261 2611 672 2695 Hortensius,
712 2612 931 2677 omnia
977 2612 1149 2677 dicat
1187 2615 1253 2675 et
1292 2611 1559 2694 sentiat3
1605 2612 1816 2675 minus
1853 2611 1978 2675 hoc
2014 2611 2097 2675 ad
2132 2633 2271 2694 n08,

262 2699 475 2761 minus
541 2699 624 2763 ad
685 2700 859 2764 vitae
912 2703 1175 2765 nostrae
1231 2697 1602 2781 discrimen,
1664 2699 1877 2762 minus
1933 2697 2016 2762 ad
2067 2697 2270 2762 fortu-

262 2805 495 2847 narum
559 2789 931 2850 nostrarum
996 2787 1355 2871 periculum
1416 2785 1717 2871 pertinet.
1816 2784 1991 2849 Illud
2055 2784 2268 2864 [illud]

182 2890 235 2931 ⁸0
264 2875 368 2937 est
413 2870 717 2955 capitale,
766 2873 931 2937 illud
973 2873 1507 2955 formidolosum,
1540 2872 1701 2937 illud
1748 2872 1996 2956 optimo
2044 2871 2271 2955 cuique

261 2958 705 3042 metuendum,
770 2960 943 3042 quod
1003 2962 1156 3044 iste,
1222 2962 1277 3025 si
1335 2983 1412 3025 ex
1464 2960 1588 3025 hoc
1643 2959 1878 3024 iudicio
1935 2959 2153 3041 aliqua
2205 2959 2272 3022 vi

264 3070 403 3112 sese
442 3046 767 3131 eripuerit,
811 3047 882 3111 in
915 3048 1231 3114 iudicibus
1278 3049 1368 3113 sit
1411 3069 1671 3112 necesse
1717 3050 1835 3130 est,
1883 3046 2272 3111 sententiam

264 3137 340 3199 de
396 3135 607 3219 capite
657 3134 815 3199 civis
861 3134 1138 3200 Romani
1182 3136 1378 3218 serat,
1434 3135 1520 3199 sit
1564 3135 1635 3198 in
1679 3134 1815 3198 eius
1863 3133 2146 3198 exercitu
2192 3134 2272 3197 si-

264 3222 501 3309 gnifer,
566 3223 677 3307 qui
739 3222 1082 3308 imperium
1144 3223 1527 3287 iudiciorum
1589 3225 1808 3286 tenere
1871 3221 2030 3286 vult.
2129 3219 2272 3286 Hoc

183 3327 234 3369 ³⁵
262 3312 553 3397 populus
569 3310 903 3376 Romanus
931 3313 1205 3393 recusat,
1241 3310 1366 3374 hoc
1391 3309 1561 3373 ferre
1588 3330 1723 3374 non
1747 3312 1995 3393 potest3
2031 3308 2270 3374 clamat

262 3399 711 3484 permittitque
747 3398 953 3481 vobis,
1001 3401 1093 3480 ut,
1139 3397 1194 3461 si
1238 3397 1386 3461 istis
1431 3397 1803 3462 hominibus
1851 3397 2273 3480 delectemini,

266 3486 323 3549 si
358 3507 434 3553 ex
471 3508 547 3552 co
587 3509 820 3573 genere
866 3486 1276 3573 splendorem
1321 3485 1532 3550 ordini
1578 3488 1775 3570 atque
1822 3489 2272 3552 ornamentum

1742 3589 1850 3644 15*

2305 787 2372 838 76

2307 1700 2373 1748 76

2310 2801 2374 2849 77
