2566 4016
204 1692 271 1742 37

315 216 445 280 212
916 212 997 268 IN
1032 212 1091 269 C.
1120 212 1429 268 VERREM
1465 211 1620 268 Ac'r.
1658 211 1724 267 Π.

315 364 382 425 et
434 359 647 445 primo
695 357 814 424 illo
861 380 979 424 suo
1024 356 1269 422 leniore
1316 356 1592 422 artificio
1636 355 2013 422 Heraclium
2057 356 2332 441 aggredi

315 451 612 530 conatur,
665 451 742 511 ut
786 468 935 512 eum
980 450 1169 532 roget
1213 444 1647 529 inspiciunda,
1696 466 1861 528 quae
1903 465 2039 509 non
2082 443 2330 509 reddat.

313 535 562 601 Deinde
588 556 630 599 a
667 534 1054 618 quibusdam
1091 531 1514 617 Syracusanis
1552 532 1935 598 admonetur
1971 527 2071 615 (hi
2108 536 2327 597 autem

315 627 501 690 erant
538 622 800 708 quidam
838 622 1081 688 adfines
1122 621 1333 704 istius,
1378 642 1653 706 quorum
1698 620 1822 686 iste
1868 640 2101 686 uxores
2145 640 2327 684 num-

314 734 508 796 quam
556 710 802 776 alienas
849 709 1263 793 existimavit,
1311 707 1687 775 Cleomenes
1733 711 1801 773 et
1837 707 2170 791 Aeschrio,
2217 709 2328 792 qui
2352 726 2382 767 ⁵

196 826 207 837 ·
315 803 631 885 quantum
660 799 831 883 apud
855 799 1057 863 istum
1088 802 1154 863 et
1187 819 1384 882 quam
1419 798 1600 882 turpi
1635 796 1714 861 de
1749 818 1943 862 causa
1977 796 2328 880 potuerint,

314 911 391 952 ex
429 887 695 970 reliquis
732 887 1108 952 criminibus
1152 884 1581 972 intellegetis)
1626 920 1712 933 --
1756 885 1845 968 hi,
1890 888 1965 949 ut
2011 883 2172 966 dico,
2215 885 2328 950 ho-

314 976 555 1041 minem
584 974 934 1040 admonent
962 996 1099 1040 rem
1128 994 1266 1038 esse
1294 974 1715 1059 praeclaram,
1742 974 1992 1038 domum
2018 971 2324 1037 refertam

313 1064 613 1129 omnibus
651 1064 863 1146 rebus,
897 1063 1114 1148 ipsum
1151 1064 1369 1127 autem
1402 1061 1777 1126 Heraclium
1814 1060 2145 1126 hominem
2183 1081 2324 1125 esse

311 1153 623 1217 maiorem
659 1155 839 1235 natu,
872 1172 1007 1216 non
1041 1150 1631 1236 promptissimum3
1677 1170 1824 1215 eum
1860 1150 2120 1234 praeter
2153 1147 2322 1213 Mar-
2353 1170 2405 1211 10

311 1241 511 1306 cellos
565 1243 943 1326 patronum,
997 1260 1190 1323 quem
1238 1262 1357 1308 suo
1421 1242 1562 1306 iure
1607 1237 1786 1302 adire
1831 1239 1945 1301 aut
1991 1236 2324 1320 appellare

309 1332 559 1415 posset,
615 1327 856 1393 habere
899 1328 1252 1410 neminem3
1306 1346 1446 1391 esse
1488 1331 1562 1390 in
1604 1346 1681 1391 eo
1727 1327 2149 1406 testamentO,
2195 1346 2321 1408 quo

308 1417 424 1480 ille
477 1416 666 1480 heres
723 1419 897 1480 esset
946 1415 1254 1499 scriptus,
1308 1417 1385 1478 ut
1429 1416 1681 1478 statuas
1725 1412 1796 1477 in
1838 1413 2171 1497 palaestra
2216 1412 2325 1477 de-

308 1505 493 1569 beret
554 1523 812 1587 ponere.
912 1500 1277 1567 ‘Faciemus
1288 1550 1306 1585 ,
1368 1504 1446 1565 ut
1505 1501 1927 1584 palaestritae
1990 1521 2068 1565 ex
2124 1503 2324 1565 testa-

310 1594 529 1657 mento
575 1593 818 1675 negent
863 1611 1003 1655 esse
1047 1589 1327 1675 positas,
1375 1591 1605 1674 petant
1647 1588 2103 1672 hereditatem,
2149 1589 2325 1672 quod
2353 1609 2406 1650 15

311 1701 454 1745 eam
491 1679 859 1764 palaestrae
896 1677 1311 1743 commissam
1348 1698 1490 1741 esse
1530 1676 1789 1743 dicant?
1853 1675 2109 1742 Placuit
2152 1676 2325 1741 ratio

309 1767 526 1851 Verri3
582 1788 736 1832 nam
791 1766 914 1832 hoc
969 1766 1185 1831 animo
1240 1765 1652 1851 providebat,
1706 1786 1851 1830 cum
1905 1768 2093 1830 tanta
2144 1764 2327 1829 here-

311 1857 482 1921 ditas
536 1855 609 1920 in
661 1855 1170 1921 controversiam
1225 1853 1512 1919 venisset
1563 1853 1924 1936 iudicioque
1974 1855 2324 1937 peteretur,

310 1945 452 2010 fieri
504 1964 638 2010 non
689 1965 911 2029 posse,
964 1946 1039 2007 ut
1084 1943 1223 2007 sine
1267 1941 1511 2027 praeda
1554 1942 1694 2028 ipse
1740 1940 2110 2007 discederet.
2192 1940 2324 2026 Ap-

308 2034 548 2118 probat
594 2033 979 2115 consilium,‘
1000 2035 1227 2098 auctor
1272 2034 1392 2115 est,
1435 2034 1512 2096 ut
1556 2052 1753 2114 quam
1796 2030 2081 2116 primum
2127 2050 2323 2115 agere
2351 2050 2405 2089 20

307 2121 623 2205 incipiant
684 2120 1140 2204 hominemque
1201 2119 1270 2183 id
1333 2118 1568 2184 aetatis
1633 2118 1898 2183 minime
1957 2117 2323 2203 litigiosum

309 2231 504 2293 quam
549 2207 1136 2272 tumultuosissime
1181 2206 1577 2272 adoriantur.
1658 2204 1977 2271 Scribitur
2012 2204 2321 2270 Heraclio

205 2301 289 2365 15
308 2297 466 2361 dica.
530 2295 751 2360 Primo
792 2295 1114 2359 mirantur
1149 2315 1374 2359 omnes
1419 2294 1888 2379 inprobitatem
1932 2294 2322 2376 calumniae;

310 2382 553 2464 deinde,
601 2383 712 2466 qui
745 2382 947 2447 istum
992 2385 1277 2464 nossent,
1322 2383 1564 2466 partim
1611 2382 2126 2468 suspicabantur,
2170 2404 2323 2467 par-

307 2471 429 2534 tim
482 2470 675 2555 plane
729 2470 1038 2535 videbant
1092 2470 1414 2536 adiectum
1460 2491 1602 2535 esse
1648 2471 1907 2536 oculum
1949 2469 2321 2535 hereditati.
2349 2488 2406 2530 2⁶

306 2559 566 2624 Interea
604 2558 738 2622 dies
776 2558 1055 2641 advenit,
1100 2580 1228 2642 quo
1266 2558 1369 2623 die
1406 2579 1548 2624 sese
1585 2580 1662 2624 ex
1697 2558 2004 2624 instituto
2050 2579 2125 2623 ac
2169 2558 2321 2643 lege

306 2646 574 2733 Rupilia
620 2646 795 2711 dicas
841 2647 1223 2711 sortiturum
1270 2643 1607 2732 Syracusis
1652 2646 1779 2711 iste
1823 2647 2127 2711 edixerat.
2200 2645 2322 2710 Pa·

306 2739 488 2801 ratus
546 2736 628 2800 ad
675 2734 843 2800 hanc
890 2734 1098 2801 dicam
1143 2734 1540 2800 sortiendam
1584 2738 1868 2800 venerat.
1958 2733 2126 2798 Tum
2171 2754 2321 2798 eum

308 2824 494 2890 docet
546 2821 889 2888 Heraclius
951 2843 1084 2887 non
1137 2844 1329 2907 posse
1386 2844 1462 2888 eo
1518 2822 1622 2888 die
1675 2823 1922 2905 sortiri,
1986 2821 2158 2906 quod
2212 2822 2322 2885 lex

304 2911 569 2996 Rupilia
595 2915 847 2976 vetaret
876 2911 1100 2975 diebus
1128 2928 1274 2975 xxx
1302 2911 1525 2975 sortiri
1555 2910 1781 2993 dicam,
1809 2911 2044 2994 quibus
2074 2909 2323 2994 scripta
2348 2927 2406 2968 ao

307 3004 495 3065 esset.
567 2998 724 3065 Dies
752 3018 900 3064 xxx
930 2998 1217 3063 nondum
1252 2998 1532 3063 fuerant.
1603 2996 1924 3084 Sperabat
1957 2996 2322 3082 Heraclius,

307 3090 361 3152 si
406 3088 595 3153 illum
641 3088 811 3152 diem
857 3087 1193 3172 effugisset
1202 3101 1233 3168 ,·
1266 3089 1418 3151 ante
1463 3087 1739 3152 alteram
1786 3086 2195 3153 sortitionem
2242 3085 2323 3161 Q.

305 3175 589 3258 Arrium,
636 3197 826 3259 quem
863 3175 1197 3259 provincia
1232 3178 1376 3240 tum
1412 3174 1691 3240 maxime
1728 3175 2130 3260 expectabat,
2177 3194 2325 3239 suc·

204 3281 271 3331 38
310 3285 656 3328 cessurum.
755 3263 891 3328 Iste
947 3262 1246 3328 omnibus
1303 3263 1460 3328 dicis
1517 3262 1686 3328 diem
1741 3263 1996 3328 distulit
2051 3266 2119 3327 et
2172 3284 2324 3328 eam

307 3350 476 3413 diem
533 3350 898 3434 constituit,
952 3354 1027 3416 ut
1079 3350 1248 3415 hanc
1293 3350 1583 3416 Heraclii
1636 3351 1844 3418 dicam
1896 3350 2121 3417 sortiri
2165 3354 2324 3435 post
2352 3365 2411 3408 ³⁶

308 3434 444 3498 dies
480 3437 756 3520 triginta
792 3460 869 3502 ex
903 3439 1051 3524 lege
1090 3442 1331 3523 posset.
1411 3438 1768 3523 Postquam
1815 3462 1891 3505 ea
1937 3439 2073 3504 dies
2119 3439 2327 3522 venit,

306 3520 434 3583 iste
486 3522 715 3592 incinit
768 3526 1074 3590 simulare
1121 3548 1191 3593 se
1235 3528 1408 3614 velle
1454 3528 1691 3592 sortiri.
1781 3527 2122 3593 Heraclius
2170 3547 2327 3592 curn
