2566 4016
765 233 900 287 LIB.
928 232 979 286 V
1044 232 1197 287 CAP.
1238 239 1445 288 14—16
1481 239 1511 299 5
1548 239 1774 289 35—41.
2140 233 2274 298 443

262 379 387 442 lari
467 377 789 461 sapientia
862 381 1057 461 atque
1129 377 1508 462 integritate
1582 376 1841 443 difficile
1913 358 2110 462 esset,
2191 379 2275 443 ad

266 487 585 531 summam
614 465 967 530 stultitiam
995 464 1482 548 nequitiamque
1518 463 1813 529 venisse?
1876 465 2107 548 Itaque
2143 488 2276 531 non

265 553 456 618 modo
514 576 552 618 a
599 552 789 619 domo
845 557 962 619 tua
1008 551 1430 618 Chelidonem
1473 551 1544 616 in
1587 555 1894 637 praetura
1940 553 2274 619 excludere

263 641 561 724 noluisti,
616 641 729 706 sed
780 641 851 705 in
896 639 1269 707 Chelidonis
1326 640 1587 704 domum
1642 643 2017 723 praeturam
2063 643 2275 706 totam

210 755 237 796 ο
267 728 576 794 detulisti.
651 728 887 795 Secuta
920 729 1254 813 provincia
1291 731 1419 812 est3
1463 728 1532 792 in
1577 750 1705 812 qua
1747 749 2106 812 numquam
2151 729 2276 793 tibi
2312 742 2380 791 39

263 818 442 883 venit
476 817 549 881 in
584 821 870 883 mentem
904 838 1036 882 non
1080 816 1204 881 tibi
1248 816 1488 882 idcirco
1529 815 1743 881 fasces
1790 838 1864 881 ac
1912 837 2163 882 secures
2211 821 2277 882 et

262 906 564 971 tantam'
544 906 803 991 1mperii
829 905 963 970 vim
999 908 1381 988 tantamque
1419 908 1949 969 ornamentorum
1987 904 2276 969 omnium

263 993 652 1079 dignitatem
707 994 957 1077 datam,
1010 995 1085 1057 ut
1131 1014 1354 1057 earum
1400 1013 1618 1056 rerum
1663 992 1729 1057 vi
1774 996 1841 1056 et
1886 992 2276 1059 auctoritate

264 1082 484 1146 omnia
555 1081 872 1166 repagula
944 1080 1209 1164 pudoris
1279 1080 1604 1163 officiique
1666 1079 2130 1165 perfringeres,
2201 1085 2278 1146 ut

184 1195 237 1235 10
266 1168 555 1234 omnium
609 1169 782 1232 bona
835 1166 1144 1252 praedam
1189 1170 1374 1232 tuam
1420 1167 1709 1252 duceres,
1763 1171 1838 1232 ut
1881 1169 2125 1233 nullius
2171 1191 2275 1233 res

264 1259 430 1339 tuta,
464 1255 709 1320 nullius
748 1255 976 1319 domus
1015 1255 1255 1338 clausa,
1291 1255 1537 1319 nullius
1575 1255 1714 1320 vita
1751 1258 1996 1340 saepta,
2032 1257 2276 1322 nullius

263 1343 577 1428 pudicitia
605 1344 857 1408 munita
894 1346 1122 1409 contra
1155 1347 1342 1408 tuam
1379 1343 1800 1428 cupiditatem
1838 1347 1904 1408 et
1942 1345 2276 1410 audaciam

264 1437 488 1516 posset
542 1452 709 1515 esse3
763 1432 831 1495 in
887 1453 1017 1515 qua
1069 1435 1143 1496 tu
1197 1435 1264 1496 te
1320 1431 1416 1496 ita
1470 1431 1761 1517 gessisti,
1815 1435 1916 1517 ut,
1976 1433 2275 1498 omnibus

249 1541 410 1585 cum
456 1523 715 1584 teneare
761 1519 974 1603 rebus,
1020 1519 1102 1583 ad
1146 1519 1392 1584 bellum
1435 1517 1864 1606 fugitivorum
1912 1520 2277 1606 confugias3

183 1631 235 1673 15
265 1629 342 1673 ex
397 1630 523 1692 quo
579 1608 710 1673 iam
766 1607 1094 1693 intellegis
1148 1628 1281 1672 non
1335 1607 1528 1672 modo
1582 1608 1834 1672 nullam
1887 1608 2012 1672 tibi
2063 1609 2275 1674 defen·

265 1696 539 1778 sionem,
604 1695 716 1760 sed
775 1696 1123 1761 maximam
1178 1696 1314 1760 vim
1368 1695 1709 1760 criminum
1764 1699 2084 1779 exortam3
2148 1697 2278 1761 nisi

262 1782 433 1847 forte
488 1783 704 1848 Italici
765 1784 1196 1869 fugitivorum
1258 1783 1421 1846 belli
1482 1783 1790 1865 reliquias
1856 1786 2050 1865 atque
2112 1784 2277 1848 illud

264 1869 700 1953 Tempsanum
762 1871 1242 1935 incommodum
1307 1868 1626 1953 profereS,
1690 1869 1773 1933 ad
1828 1870 2000 1970 quod
2054 1891 2275 1936 recens

265 1980 411 2024 cum
466 1960 532 2023 te
586 1960 1022 2043 peroportune
1067 1955 1333 2022 fortuna
1378 1957 1738 2041 attulisset,
1793 1957 1850 2022 si
1896 1956 2051 2059 quid
2095 1958 2166 2023 in
2208 1962 2275 2024 te

184 2071 237 2113 πο
263 2046 527 2112 virtutis
588 2050 702 2110 aut
753 2044 1110 2110 industriae
1164 2044 1505 2110 habuisses
1514 2095 1533 2129 ,
1594 2045 1792 2130 idem,
1857 2046 1969 2130 qui
2023 2068 2276 2132 semper

263 2135 508 2217 fueras,
553 2134 852 2199 inventus
895 2146 989 2197 es.

397 2221 560 2289 Cum
626 2222 708 2286 ad
761 2225 830 2285 te
873 2219 1212 2285 Valentini
1267 2221 1594 2286 venissent
1648 2224 1715 2285 et
1766 2243 1887 2306 pro
1942 2221 2023 2287 iis
2077 2222 2274 2289 homo
2297 2192 2382 2318 142

265 2310 543 2375 disertus
584 2331 658 2375 ac
694 2308 953 2392 nobilis,
988 2308 1074 2373 Μ.
1102 2309 1366 2393 Mariua,
1402 2309 1794 2393 loqueretur,
1830 2313 1904 2374 ut
1939 2310 2275 2396 negotium
2323 2351 2328 2356 ·

268 2398 649 2484 susciperes,
711 2401 813 2481 ut,
875 2419 1021 2463 cum
1075 2419 1270 2482 penes
1326 2400 1393 2461 te
1445 2397 1845 2482 praetorium
1903 2398 2275 2484 [imperium

184 2510 237 2552 25
267 2490 366 2569 ac]
430 2507 669 2552 nomen
731 2490 929 2570 esset,
994 2485 1077 2550 ad
1140 2486 1327 2551 illam
1388 2507 1658 2571 parvam
1690 2503 1691 2506 ’
1719 2508 1985 2552 manum
2040 2487 2276 2553 exstin-

265 2575 587 2662 guendam
624 2574 849 2641 ducem
884 2577 950 2638 te
986 2574 1471 2659 principemque
1507 2574 1872 2659 praeberes,
1913 2597 2046 2640 non
2083 2575 2274 2640 modo

262 2664 331 2727 id
366 2662 688 2747 refugisti,
735 2662 847 2727 sed
883 2683 959 2727 eo
1003 2663 1148 2747 ipso
1196 2665 1490 2747 tempore
1537 2684 1681 2727 cum
1729 2684 1903 2727 esses
1949 2663 2020 2726 in
2045 2663 2276 2746 ‘litor-e,

264 2749 486 2813 Tema
537 2751 656 2814 illa
708 2753 850 2832 tua,
906 2772 1100 2834 quam
1154 2754 1229 2815 tu
1285 2754 1498 2815 tecum
1555 2749 1963 2832 deportaras,
2018 2754 2158 2813 erat
2207 2749 2275 2813 in

266 2837 554 2901 omnium
591 2840 963 2921 conspectu3
1008 2837 1168 2921 ipsis
1217 2841 1437 2901 autem
1461 2835 1830 2902 Valentinis
1877 2858 1954 2901 ex
2000 2840 2139 2901 tam
2181 2836 2274 2901 in-

184 2948 238 2991 30
265 2924 460 2990 lustri
507 2923 839 3008 nobilique
887 2924 1232 3006 municipio
1280 2923 1484 2988 tantis
1533 2924 1608 2989 de
1655 2923 1847 2990 rebus
1894 2945 2276 3008 responsum

266 3012 529 3096 dedisti,
584 3033 730 3077 cum
785 3032 958 3076 esses
1009 3032 1157 3076 cum
1200 3011 1422 3075 tunica
1466 3012 1649 3094 pulla
1695 3016 1760 3076 et
1798 3011 2026 3113 pallio.
2108 3011 2274 3087 Quid

263 3101 435 3167 hunc
470 3100 1002 3184 proficiscentem,
1050 3098 1258 3182 quid
1239 3121 1308 3163 111
1344 3099 1490 3183 ipsa
1523 3099 1859 3184 provincia
1896 3099 2128 3165 fecisse
2174 3122 2276 3164 ex-

261 3187 575 3255 1st1mat1s
585 3238 604 3272 ,
660 3188 771 3272 qui
825 3210 970 3253 cum
1022 3187 1155 3252 iam
1211 3209 1290 3252 ex
1344 3187 1677 3272 provincia
1726 3210 1859 3253 non
1915 3187 1996 3252 ad
2051 3188 2275 3253 trium·

262 3279 493 3364 phum‚
558 3276 669 3341 sed
726 3276 807 3341 ad
859 3275 1164 3340 iudicium
1222 3274 1582 3358 decederet,
1644 3297 1723 3340 ne
1776 3275 1961 3340 illam
2017 3276 2275 3360 quidem

180 3389 235 3432 35
263 3366 602 3431 infamiam
637 3364 903 3450 fugerit,
949 3386 1143 3448 quam
1183 3364 1320 3429 sine
1367 3363 1507 3428 ulla
1549 3364 1747 3449 volup
1750 3367 1887 3429 tate
1933 3363 2274 3449 capiebat?

264 3453 318 3519 Ο
365 3454 584 3519 divina
634 3456 897 3519 senatus
942 3452 1302 3537 frequentis
1348 3452 1418 3515 in
1463 3451 1618 3517 aede
1665 3451 1975 3517 Bellonae
2023 3451 2274 3518 admur-
2311 3464 2376 3512 41

263 3542 572 3607 muratio!
663 3540 979 3608 Memoria
1038 3541 1303 3625 tenetis,
1366 3540 1636 3625 iudices,
1700 3562 1843 3606 cum
1900 3539 2275 3626 advespera-
