2566 4016
334 228 465 293 292
944 227 1023 281 IN
1059 227 1117 283 G.
1145 227 1452 281 VERREM
1489 226 1642 282 ACT.
1681 228 1748 281 11.

334 373 619 456 cubaret,
655 371 724 435 in
748 368 1116 437 cubiculum
1143 370 1553 437 introductus
1575 374 1701 452 est,
1738 369 2065 455 quodnisi
2096 369 2355 434 mulieri

334 464 402 525 et
446 460 798 525 decumano
844 460 1116 544 patebat
1161 459 1276 524 alii
1319 459 1580 524 nemini.
1662 457 1765 523 Ibi
1810 480 1956 523 cum
2002 457 2243 543 pugnis
2289 462 2352 523 et

334 549 619 614 calcibus
682 548 975 613 concisus
1030 551 1237 630 esset,
1291 547 1414 631 =qu³i
1455 562 1606 612 ¹nec
1666 545 2008 611 medimnis
2065 545 2353 610 decidere

330 636 670 720 noluisset,
714 636 896 701 mille
924 635 1252 721 promisit.
1324 633 1686 699 Eubulidas
1726 638 1826 699 est
1851 635 2157 718 Grospus
2195 631 2353 698 Cen·

332 724 678 809 turipinus,
727 724 923 789 homo
970 745 1116 789 cum
1161 723 1407 788 virtute
1454 726 1519 787 et
1563 722 1911 787 nobilitate
1955 721 2134 786 domi
2175 738 2352 804 suae,
2379 742 2404 782 ⁵

330 816 473 876 tum
537 812 738 876 etiam
782 812 1068 896 ⁴peeunia
1116 811 1437 897 princeps.
1528 809 1697 876 Huic
1747 809 2028 893 ¹homini,
2090 809 2352 893 iudices,

331 898 830 963 honestissimae
890 899 1179 964 civitatis
1242 897 1707 962 honestissimo
1771 918 1906 962 non
1953 898 2160 962 modo
2221 897 2353 961 fru-

334 987 537 1050 menti
590 986 851 1070 scitote,
903 986 1018 1052 sed
1071 987 1325 1066 [etiam]
1371 985 1548 1050 vitae
1594 990 1662 1050 et
1703 985 2046 1071 sanguinis
2093 989 2357 1050 tantum

331 1074 632 1139 relictum
681 1096 849 1159 esse,
904 1078 1221 1158 quantum
1268 1074 1518 1158 Aproni
1564 1074 1787 1138 lubido
1813 1074 2018 1159 ²·tulit3
2069 1095 2225 1138 nam
2265 1074 2357 1157 vi,

334 1163 534 1247 male,
598 1163 816 1248 plagis
879 1162 1193 1228 adductus
1259 1165 1385 1245 est,
1447 1164 1521 1225 ut
1563 1161 1893 1226 “frumenti
1949 1162 2157 1245 daret,
2217 1182 2358 1226 non
2389 1182 2440 1221 ιο

229 1262 294 1310 57
334 1255 651 1334 quantum
704 1251 996 1333 deberet,
1050 1249 1164 1314 sed
1210 1252 1530 1334 quantum
1575 1254 1933 1335 cogeretur.
1999 1248 2355 1314 ‘Sostratus

334 1342 400 1402 et
445 1338 805 1403 Numenius
861 1342 930 1402 et
973 1336 1482 1422 Nymphodorus
1538 1338 1822 1402 eiusdem
1874 1338 2158 1403 civitatis
2203 1358 2356 1402 cum

334 1446 412 1488 ex
458 1425 636 1510 agris
682 1430 820 1489 tres
863 1424 1104 1490 fratres
1151 1429 1483 1490 consortes
1529 1425 2002 1512 profugissent,
2051 1425 2225 1510 quod
2270 1426 2354 1490 iis

332 1512 482 1595 plus
517 1511 829 1576 frumenti
873 1512 1337 1597 imperabatur,
1384 1532 1579 1597 quam
1626 1518 1942 1597 quantum
1989 1517 2354 1596 exararant,

332 1599 707 1664 hominibus
745 1600 986 1665 coactis
1030 1601 1101 1663 in
1145 1620 1371 1664 eorum
1405 1601 1744 1666 ,arationes
1780 1602 2109 1686 Apronius
2155 1602 2357 1686 venit,
2387 1621 2436 1661 ιε

336 1709 526 1752 omne
570 1688 1076 1753 instrumentum
1123 1687 1410 1772 diripuit,
1460 1687 1779 1753 familiam
1811 1689 2111 1773 abduxit,
2139 1712 2356 1774 ²pecus

334 1776 575 1861 abegit.
674 1775 911 1841 Postea
969 1798 1113 1841 cum
1173 1776 1255 1839 ad
1312 1797 1456 1842 eum
1511 1775 2013 1861 Nymphodorus
2068 1777 2360 1842 venisset

334 1864 615 1928 Aetnam
655 1868 721 1929 et
759 1868 992 1948 oraret,
1032 1868 1106 1929 ut
1143 1863 1271 1928 sibi
1309 1885 1425 1928 sua
1461 1865 1978 1949 restituerentur,
2015 1865 2359 1931 hominem

335 1952 575 2038 corripi
629 1974 705 2019 ac
759 1952 1066 2039 suspendi
1118 1952 1311 2017 iussit
1363 1952 1433 2016 in
1488 1953 1772 2018 oleastro
1812 1954 2131 2039 quodam,
2187 1975 2360 2040 quae

336 2045 436 2104 est
474 2042 686 2125 arbor,
730 2042 993 2125 iudiceS,
1037 2041 1291 2105 Aetnae
1325 2040 1394 2104 in
1437 2040 1601 2106 foro.
1681 2041 1843 2105 Tam
1883 2042 2000 2107 *diu
2043 2043 2360 2127 pependit
2387 2062 2440 2101 20

333 2128 404 2191 in
431 2129 665 2193 arbore
686 2130 903 2195 socius
940 2128 1314 2212 amicusque
1351 2129 1577 2214 populi
1603 2128 1887 2193 Romani
1922 2130 1992 2193 in
2015 2130 2362 2195 sociorum

334 2216 495 2281 urbe
533 2237 607 2280 ac
651 2215 815 2300 fore,
862 2216 1128 2280 colonus
1175 2219 1523 2299 aratorque
1568 2220 1802 2301 vester,
1849 2239 2045 2301 quam
2078 2218 2201 2282 -diu
2247 2241 2363 2283 vo-

336 2304 557 2367 luntas
595 2302 847 2385 Aproni
893 2303 1067 2367 tulit.
2206 2333 2214 2341 ·

234 2401 299 2451 68
470 2388 723 2453 Genera
794 2390 925 2453 iam
999 2389 1239 2453 dudum
1311 2390 1882 2457 innumerabilium
1950 2393 2363 2478 iniuriarum,

335 2476 595 2559 iudices,
642 2477 918 2561 singulis
954 2477 1326 2542 nominibus
1369 2479 1647 2563 profero,
1689 2480 2015 2544 ‘infinitam
2057 2481 2364 2546 multitu·
2391 2500 2439 2540 25

337 2563 549 2628 dinem
586 2564 971 2630 iniuriarum
1015 2565 1485 2649 praetermitto.
1566 2565 1704 2631 Vos
1752 2572 1903 2633 ante
1950 2569 2172 2633 oculos
2207 2571 2365 2635 ⁸ani-

336 2674 605 2736 mosque
633 2656 887 2717 vestros
924 2656 1068 2717 tota
1094 2650 1319 2719 Sicifia
1354 2654 1855 2720 decumanorum
1892 2657 2011 2720 hos
2050 2657 2366 2741 impetuS,

339 2745 671 2805 aratorum
733 2741 1155 2824 direptioneS,
1217 2741 1410 2805 huius
1463 2742 2034 2827 inportunitatem,
2100 2744 2365 2828 Aproni

336 2850 609 2914 regnum
645 2829 1005 2913 proponite.
1069 2827 1478 2912 Contempsit
1515 2827 1784 2913 Siculos,
1829 2852 1961 2895 non
2008 2833 2192 2895 duxit
2237 2832 2366 2897 ho-

337 2917 544 2981 mines
581 2938 700 2981 nec
740 2917 918 3000 ipsos
967 2917 1049 2981 ad
1094 2917 1608 3001 persequendum
1656 2918 2056 2983 vehementis
2101 2919 2244 2984 fore
2293 2926 2369 2985 et
2395 2940 2445 2980 so

232 2973 319 3098 ἕξ
337 3026 451 3069 vos
505 3026 725 3069 eorum
773 3005 1043 3069 iniurias
1088 3004 1322 3069 leviter
1368 3004 1621 3069 laturos
1660 3006 2083 3072 existimavit.
2162 3006 2372 3092 Esto;

335 3091 571 3157 falsam
638 3093 715 3157 de
768 3092 903 3156 illis
955 3091 1191 3156 habuit
1245 3091 1645 3176 opinionem,
1710 3095 1954 3159 malam
2010 3096 2088 3159 de
2142 3096 2371 3180 vobis;

337 3202 561 3244 verum
621 3184 869 3262 tamen,
928 3202 1075 3246 cum
1133 3179 1210 3242 de
1256 3177 1491 3244 Siculis
1546 3181 1716 3246 male
1763 3187 2145 3266 mereretur,
2202 3184 2373 3249 civis

337 3266 667 3332 Romanos
713 3267 942 3350 coluit,
986 3267 1069 3330 iis
1113 3266 1416 3350 indulsit,
1464 3288 1684 3336 eorum
1730 3270 2056 3335 voluntati
2103 3275 2170 3335 et
2219 3294 2373 3357 gra—

338 3354 469 3415 tiae
512 3355 765 3418 deditus
808 3354 953 3420 fuit.
1025 3354 1159 3418 Iste
1205 3355 1365 3419 civis
1403 3354 1780 3421 Romanos?
1854 3358 1946 3421 At
1990 3359 2192 3423 nullis
2239 3360 2373 3425 im‘-
2398 3375 2446 3415 ⁸⁵

339 3438 566 3502 micior
594 3445 708 3505 aut
733 3441 1035 3506 infestior
1069 3442 1212 3506 fuit.
1286 3441 1482 3507 Mitto
1520 3443 1751 3530 vincla,
1790 3446 1982 3510 mitto
2021 3468 2376 3531 carcerem,

340 3522 532 3585 mitto
586 3527 883 3609 verbera,
947 3530 1140 3594 mitto
1197 3552 1479 3614 secures,
1536 3553 1790 3598 crucem
1837 3534 2119 3618 ¹denique
2174 3536 2378 3600 illam
