2566 4016
744 219 878 275 ΗΒ.
917 220 970 273 11
1024 219 1177 275 CAP.
1217 227 1427 276 36-39
1465 226 1495 287 S
1530 227 1757 276 89—95.
2123 220 2253 285 233
2363 304 2366 307 V

236 367 415 432 videt
449 386 584 430 non
620 364 863 447 adesse,
911 364 1132 428 dolore
1171 365 1395 428 ardere
1433 368 1627 448 atque
1662 364 1994 430 iracundia
2037 364 2251 429 furere

238 454 469 539 coepit,
513 451 831 516 Venerios
878 451 1142 516 domum
1184 449 1414 517 Stheni
1457 453 1735 535 mittere,
1782 452 1963 536 equis
2009 452 2252 517 circum

239 563 433 627 agros
477 540 615 605 eius
660 539 983 622 villasque
1030 539 1376 604 dimittere.
1456 539 1689 623 Itaque
1736 540 1888 604 dum
1936 543 2250 623 expectat,

239 629 547 714 quidnam
622 626 747 691 sibi
819 626 977 691 certi
1052 627 1409 711 adferatur,
1482 632 1631 692 ante
1694 628 1924 693 horam
1987 627 2250 691 tertiam

186 720 211 776 ‘5
238 717 449 782 noctis
488 715 565 779 de
599 714 745 780 foro
780 736 913 779 non
950 714 1236 779 discedit.
1308 714 1631 779 Postridie
1670 737 1858 779 mane
1896 714 2251 796 descendit3

237 804 648 889 Agathinum
687 802 769 866 ad
806 823 875 866 se
911 805 1119 884 vocat,
1165 803 1350 866 iubet
1387 824 1533 866 eum
1572 803 1648 867 de
1687 803 1926 867 litteris
1972 801 2250 886 publicis

236 893 306 957 in
352 892 691 957 absentem
727 886 1068 954 Sthenium
1114 889 1342 955 dicere.
1422 890 1589 956 Erat
1634 891 1770 955 eius
1818 889 1994 955 modi
2040 911 2251 973 causa,

235 984 310 1046 ut
345 979 461 1044 ille
495 1000 578 1043 ne
616 978 755 1042 sine
791 976 1161 1043 adversario
1200 977 1458 1062 quidem
1501 978 1672 1063 apud
1716 978 2047 1043 inimicum
2091 977 2252 1042 iudi·

235 1090 376 1135 cem
403 1065 687 1151 reperire
724 1068 965 1148 posset,
1003 1065 1158 1148 quid
1195 1065 1463 1148 diceret3
1498 1066 1720 1150 itaque
1757 1069 2014 1131 tantum
2051 1066 2248 1129 verbo

158 1175 208 1214 ιο
233 1156 476 1239 posuit,
521 1151 868 1218 Sacerdote
913 1157 1214 1237 praetore
1262 1151 1602 1217 Sthenium
1652 1153 1908 1218 litteras
1952 1152 2249 1236 publicas

234 1241 620 1325 corrupisse.
689 1239 817 1304 Vix
863 1240 978 1305 ille
1022 1240 1146 1305 hoc
1191 1240 1462 1323 dixerat,
1507 1263 1652 1305 cum
1698 1241 1823 1305 iste
1869 1240 2251 1325 pronuntiat

235 1328 608 1394 STHENIUM
642 1345 981 1393 LITTERAS
1017 1344 1358 1393 PUBLICAS
1397 1344 1815 1395 coRRUPISSE
1862 1344 2137 1409 VIDER13
2184 1329 2251 1391 et

232 1419 362 1483 h'oc
407 1420 744 1501 praeterea
788 1416 968 1480 addit
1013 1415 1208 1481 homo
1250 1415 1566 1480 Venerius
1612 1438 1779 1481 novo
1825 1416 2018 1480 modo
2065 1414 2249 1479 nullo

234 1504 561 1589 exemplo,
614 1502 715 1568 ΟΒ
770 1521 914 1568 EAM
963 1521 1107 1568 REM
1159 1501 1272 1568 HS
1318 1521 1368 1568 D
1414 1503 1693 1569 VENERI
1738 1502 2105 1569 ERYCINAE
2157 1520 2251 1567 DE

157 1611 207 1653 1⁵
235 1593 501 1659 STHENI
558 1608 767 1658 BONIS
822 1604 930 1660 SE
980 1607 1434 1675 ΕΧΑοΤυΒυΜ,
1496 1592 1794 1676 bonaque
1842 1592 1977 1656 eius
2025 1591 2251 1656 statim

234 1681 453 1766 coepit
522 1678 826 1761 vendere3
899 1681 965 1743 et
1024 1679 1447 1762 vendidisset,
1519 1679 1578 1744 si
1638 1681 1967 1744 tantulum
2029 1699 2251 1744 morae
2357 1728 2361 1732 .

231 1769 497 1850 fuisset,
551 1787 677 1851 quo
734 1766 947 1832 minus
1003 1767 1062 1831 ei
1115 1767 1388 1851 pecunia
1431 1767 1552 1831 illa
1594 1770 2062 1832 numeraretur.
2150 1764 2251 1830 Ea

234 1857 663 1957 posteaquam
726 1858 1066 1919 numerata
1130 1859 1256 1937 est,
1322 1858 1666 1919 contentus
1729 1854 1853 1919 hac
1906 1853 2250 1937 iniquitate

235 1944 364 2010 iste
401 1964 532 2007 non
566 1941 719 2025 fuit3
766 1943 986 2027 palam
1079 1941 1415 2006 ronuntiat
1462 1942 1540 2005 de
1587 1942 1751 2007 sella
1796 1963 1872 2007 ac
1918 1940 2252 2023 tribunali,

152 2052 208 2092 πο
236 2032 311 2098 S1
378 2048 532 2109 QUIS
594 2048 962 2096 ABSENTEM
1068 2046 1387 2095 THENIUM
1450 2047 1568 2094 REI
1632 2046 1995 2095 CAPITALIS
2060 2046 2251 2093 REUM

234 2137 511 2186 FACERE
566 2135 869 2201 VELLET,
921 2134 1088 2185 SESE
1132 2134 1291 2183 EIUS
1336 2134 1587 2183 NOMEN
1631 2133 2128 2198 RECEPTURUM,
2185 2119 2251 2180 et

228 2209 463 2291 simul,
524 2210 600 2270 ut
662 2206 745 2271 ad
807 2227 1068 2272 causam
1134 2206 1465 2271 accederet
1527 2227 1889 2289 nomenque
1953 2204 2250 2286 deferret,

235 2294 674 2380 Agathinum,
735 2314 975 2359 novum
1031 2294 1309 2358 adfinem
1367 2298 1561 2377 atque
1615 2293 1972 2378 hospitem,
2037 2291 2251 2377 coepit

235 2381 509 2448 hortari.
606 2380 771 2446 Tuni
833 2382 948 2445 ille
1012 2382 1184 2447 clare
1239 2382 1539 2447 omnibus
1596 2381 2004 2447 audientibus
2061 2402 2130 2445 se
2183 2380 2252 2443 id

153 2488 206 2529 25
235 2492 372 2540 non
425 2490 565 2535 esse
616 2469 968 2552 facturum,
1023 2490 1230 2553 neque
1286 2491 1355 2534 se
1409 2490 1612 2553 usque
1668 2491 1743 2534 eo
1790 2468 2059 2534 Sthenio
2110 2489 2251 2533 esse

233 2559 597 2641 inimicum,
651 2562 727 2622 ut
781 2579 927 2622 eum
981 2558 1078 2622 rei
1133 2557 1433 2641 capitalis
1484 2557 1744 2622 affinem
1800 2579 1940 2622 esse
1996 2557 2250 2622 diceret.

232 2646 365 2710 Hic
427 2650 568 2709 tum
631 2648 897 2728 repente
959 2644 1242 2709 Pacilius
1308 2644 1596 2728 quidam,
1662 2644 1859 2710 homo
1924 2664 2121 2730 egens
2185 2647 2251 2707 et

235 2731 432 2810 leviS,
485 2731 758 2814 accedit,
812 2732 932 2815 ait,
988 2732 1044 2796 si
1089 2732 1341 2814 liceret,
1388 2732 1676 2797 absentis
1720 2754 1957 2798 nomen
2003 2730 2252 2795 deferre

235 2840 308 2884 se
356 2815 544 2881 velle.
622 2781 758 2882 Iste
809 2841 960 2884 vero
1009 2823 1074 2884 et
1119 2820 1314 2884 licere
1360 2822 1427 2883 et
1470 2820 1612 2884 fieri
1657 2821 1885 2902 solere,
1931 2822 1996 2883 et
2043 2839 2111 2882 se
2158 2839 2252 2881 re-

150 2926 206 2967 so
234 2908 605 3003 cepturum3
655 2904 876 2989 itaque
923 2907 1236 2991 defertur3
1283 2907 1476 2972 edicit
1523 2907 1773 2990 statim,
1818 2910 1894 2972 ut
1937 2904 2250 2970 Kalendis

230 2990 707 3061 Decembribus
737 2992 908 3057 adsit
932 2956 1236 3059 Sthenius
1265 2993 1618 3077 Syracusis,
1663 2993 1807 3078 Hic,
1838 2994 1948 3076 qui
1974 2991 2251 3058 Romam

231 3079 641 3167 pervenisset
670 3080 958 3164 satisque
986 3080 1262 3148 feliciter
1295 3084 1448 3147 anni
1483 3082 1615 3147 iam
1652 3082 1922 3147 adverso
1959 3084 2251 3164 tempore

231 3169 618 3254 navigasset
647 3168 990 3251 omniaque
1018 3169 1356 3234 habuisset
1384 3170 1690 3254 aequiora
1727 3173 1793 3235 et
1827 3168 2253 3253 placabiliora

233 3280 434 3341 quam
481 3256 771 3322 animum
816 3258 1137 3341 praetoris
1185 3261 1380 3341 atque
1425 3257 1734 3341 hospitis,
1784 3278 1923 3321 rem
1970 3255 2051 3320 ad
2097 3256 2252 3320 ami-

147 3363 202 3404 35
231 3367 344 3411 cos
387 3366 537 3409 suos
585 3344 849 3428 detulit,
896 3365 1086 3428 quae,
1131 3346 1207 3409 ut
1252 3349 1393 3410 erat
1440 3346 1672 3410 acerba
1719 3348 1784 3409 et
1829 3344 2112 3431 indigna,
2158 3344 2252 3409 sic

229 3433 582 3499 videbatur
628 3434 946 3499 omnibus,

2287 1077 2354 1127 93

2287 1768 2356 1818 94

2288 2993 2355 3043 95

371 3519 602 3604 Itaque
632 3522 702 3587 in
731 3526 961 3588 senatu
997 3521 1304 3588 continuo
1334 3520 1446 3589 Cn.
1466 3520 1779 3587 Lentulus
1819 3526 1885 3587 et
1910 3520 1981 3587 L.
2002 3520 2249 3587 Gellius
2271 3525 2354 3590 39
