2566 4016
861 234 1016 289 CAP.
1054 211 1225 291 94-11
1265 240 1297 301 g
1332 241 1560 291 27—34.
2100 239 2227 304 109

224 373 287 439 Si
323 377 581 460 obicies,
623 379 775 446 idne
821 378 1012 444 alteri
1061 379 1315 445 crimini
1353 380 1556 461 dabie,
1601 380 1774 464 quod
1810 381 2033 447 eodem
2066 386 2228 448 tem·

221 485 365 548 pore
408 466 478 530 in
527 466 758 532 eadem
803 467 1136 552 provincia
1189 471 1264 533 tu
1316 468 1459 554 ipse
1502 468 1760 534 fecisti?
1822 469 2086 535 audebis
2132 471 2229 536 ita

221 574 507 619 accusare
573 556 879 638 alterum,
950 559 1051 639 ut,
1115 578 1242 639 quo
1308 557 1521 621 minus
1585 561 1726 621 tute
1790 558 2230 641 condemnere,

218 661 502 707 recusas-e
553 665 690 709 mm
742 644 1000 728 possis?
1100 641 1216 709 Sin
1271 645 1783 729 praetermitteS,
1838 646 2051 729 qualis
2106 647 2230 711 erit

176 749 197 789 ⁵
218 731 323 793 tua
364 731 497 796 ieta
537 731 899 813 accusatio,
955 753 1119 816 quae
1165 733 1504 798 domestici
1547 734 1819 817 periculi
1865 737 2043 800 metu
2096 756 2228 800 cer·

214 816 446 883 tissimi
497 823 571 884 et
635 819 905 885 maximi
967 820 1254 886 criminis
1317 843 1451 886 non
1521 822 1714 888 modo
1778 823 2229 909 suspicionem,

212 926 427 972 venum
463 909 668 973 etiam
705 909 1099 974 mentionem
1132 909 1347 993 ipsam
1380 909 1843 994 pertimescat?
1914 911 2229 998 Emptum
2304 915 2334 963 2

214 997 306 1057 est
335 1016 420 1059 ex
453 994 522 1062 S.
553 996 633 1062 O.
666 996 1065 1098 fulmentum
1097 997 1186 1062 ab
1221 995 1458 1100 Siculis
1502 1005 1805 1083 praetore
1840 998 2065 1084 Verre,
2108 1023 2227 1085 pro

151 1188 193 1229 10
203 1101 331 1233 33?
347 1171 477 1238 hoc
523 1086 1602 1259 erissnpiepufflamqnnimgqaquugz
1635 1091 1925 1259 ἶὲἶηῖίῗ.
1945 1088 2230 1240 ὺοῖἱῗιῖιῗ

209 1263 390 1325 sante
431 1263 723 1344 nullum3
770 1283 913 1327 eras
955 1261 1129 1325 enim
1163 1264 1238 1325 tu
1277 1264 1603 1345 quaestor,
1646 1261 1986 1345 pecuniam
2020 1262 2231 1346 publi-

209 1366 347 1411 cam
398 1353 477 1414 tu
521 1350 896 1432 ‘tractabas3
960 1370 1038 1413 ex
1077 1370 1247 1433 qua,
1306 1348 1572 1413 etiamsi
1624 1353 1887 1434 cuperet
1948 1353 2231 1435 praetor,

208 1435 452 1521 tamen,
507 1460 596 1503 ne
651 1460 779 1522 qua
832 1436 1130 1502 deductio
1183 1438 1397 1521 fieret,
1452 1459 1696 1524 magna
1751 1459 1829 1503 ex
1881 1443 2070 1524 parte
2115 1444 2231 1506 tua

211 1526 499 1603 potestas
547 1529 711 1590 erat.
793 1525 1007 1590 Huius
1055 1547 1310 1611 quoque
1353 1526 1559 1612 igitur
1604 1526 1893 1592 criminis
1939 1532 2006 1592 te
2048 1550 2230 1595 accu-

147 1629 190 1671 15
212 1617 389 1678 sante
467 1615 720 1680 mentio
798 1614 985 1679 nulla
1064 1615 1205 1697 fiet3
1269 1615 1567 1681 silebitur
1626 1619 1772 1681 toto
1842 1616 2079 1683 iudicio
2153 1618 2230 1683 de

210 1702 510 1769 maximis
569 1705 636 1767 et
686 1702 1050 1767 notissimis
1103 1703 1282 1768 illius
1337 1703 1532 1768 furtis
1588 1707 1658 1768 et
1702 1704 1975 1770 iniuriis.
2065 1705 2231 1770 Mihi

212 1789 411 1873 crede,
469 1789 752 1873 Caecili,
814 1812 947 1855 nom
1006 1794 1226 1875 potest
1283 1792 1355 1855 in
1394 1791 1760 1857 accusando
1816 1793 2025 1857 socios
2079 1815 2230 1857 vere

210 1872 549 1945 defendere
584 1879 660 1962 is,
689 1878 800 1963 qui
828 1901 975 1944 cum
1000 1900 1113 1943 reo
1140 1879 1485 1943 criminum
1512 1879 1823 1943 societate
1848 1879 2229 1945 coniunctus

212 1968 322 2030 est.
415 1967 758 2053 Mancipes
812 1989 854 2032 a
899 1966 1280 2033 civitatibus
1332 1987 1455 2050 pro
1507 1964 1836 2031 frumento
1889 1967 2229 2050 pecuniam

145 2069 191 2111 20
211 2060 582 2142 exegerunt.
692 2055 903 2132 Quid?
975 2055 1100 2119 hoc
1161 2052 1368 2118 Verre
1438 2057 1740 2138 praetore
1809 2053 2056 2119 factum
2129 2061 2230 2120 est

214 2143 463 2212 solum?
543 2142 745 2227 'Non,
817 2143 930 2208 sed
994 2142 1193 2207 etiam
1255 2145 1599 2226 quaestore
1663 2140 1963 2208 Caecilia
2062 2141 2230 2218 Quid

211 2226 450 2314 igitur?
504 2233 773 2298 daturus
810 2252 880 2296 es
914 2231 1066 2296 huic
1102 2231 1373 2315 crimini,
1412 2230 1582 2315 quod
1620 2233 1686 2295 et
1711 2230 1987 2316 potuisti
2013 2233 2229 2317 prohi-

207 2315 356 2385 bere
416 2343 508 2388 ne
565 2321 750 2385 fieret
808 2323 877 2385 et
933 2319 1247 2404 debuisti,
1311 2341 1396 2385 an
1457 2324 1674 2385 totum
1737 2319 1805 2383 id
1857 2320 2229 2406 relinques?

211 2400 384 2494 Ergo
445 2408 519 2475 id
573 2408 836 2474 omnino
891 2406 1129 2473 Verres
1183 2409 1255 2473 in
1316 2406 1552 2473 iudicio
1620 2430 1737 2474 suo
1796 2430 1933 2474 non
1992 2411 2230 2495 audiet,

145 2510 193 2552 2⁵
213 2499 379 2576 quod
424 2520 576 2564 cum
619 2497 920 2580 faciebat,
968 2517 1159 2580 quem
1204 2496 1290 2562 ad
1323 2496 1586 2561 modum
1623 2495 2001 2564 defensurus
2041 2503 2230 2584 esset,

212 2600 336 2650 non
378 2585 769 2671 reperiebat.

2268 1984 2334 2034 33

337 2675 563 2758 Atque
607 2695 731 2758 ego
776 2672 954 2756 haec,
1002 2693 1164 2756 quae
1210 2672 1281 2736 in
1325 2672 1538 2737 medio
1578 2673 1801 2757 ¹posita
1848 2677 2017 2757 sunt,
2053 2695 2228 2739 com·
2253 2679 2331 2741 11

216 2776 526 2845 memor03
559 2765 726 2826 ¹sunt
772 2760 903 2826 alia
941 2760 1156 2844 magis
1203 2761 1460 2825 occulta
1510 2759 1706 2843 furta,
1762 2783 1926 2845 quae
1971 2761 2102 2844 ille,
2157 2764 2231 2825 ut

212 2842 426 2937 istius,
482 2848 996 2933 cred0,1animos
1043 2851 1237 2932 atque
1282 2848 1565 2933 impetus
1610 2849 1997 2932 retardaret,
2055 2849 2231 2913 beni-

146 2948 193 2992 ³⁰
215 2937 524 3017 *guissime
535 2940 1051 3022 eumquaestore
1072 2957 1189 3002 suo
1208 2937 1726 3003 communicavit.
1787 2936 1968 3002 Haec
1995 2940 2070 3000 tu
2103 2937 2229 3001 scis

216 3023 293 3088 ad
323 3050 433 3094 me
472 3048 612 3092 esse
650 3026 893 3108 delata3
930 3047 1093 3110 quae
1132 3024 1187 3090 si
1219 3025 1417 3090 velim
1445 3024 1752 3110 proferre,
1785 3024 1977 3089 facile
2008 3045 2231 3090 omnes

214 3106 597 3202 intellegent
621 3114 808 3180 vobis
835 3114 1008 3179 inter
1037 3135 1154 3179 vos
1187 3135 1326 3179 non
1360 3113 1552 3178 modo
1588 3113 1995 3178 voluntatem
2030 3112 2230 3178 fuisse

216 3204 648 3286 coniunctam,
694 3201 808 3267 sed
849 3224 931 3266 ne
974 3203 1285 3286 praedam
1331 3201 1589 3285 quidem
1636 3200 1844 3265 adhuc
1878 3221 2029 3265 »esse
2076 3199 2232 3265 divi-

217 3304 370 3358 sam.
443 3290 854 3376 Quapropter
900 3290 956 3354 si
999 3290 1123 3355 tibi
1155 3290 1465 3355 *indicium
1511 3289 1808 3374 postulas
1856 3288 2014 3372 dari,
2060 3290 2232 3374 quod

143 3387 193 3432 35
217 3375 426 3445 tecum
461 3402 593 3445 una
635 3378 879 3457 fecerit,
924 3379 1220 3456 concedo,
1266 3378 1324 3442 si
1369 3377 1434 3441 id
1471 3377 1617 3462 lege
1653 3376 2081 3462 permittitur3
2129 3379 2234 3444 sin

216 3469 429 3534 autem
484 3468 562 3532 de
615 3467 1023 3533 accusatione
1080 3467 1377 3550 dicimus,
1442 3465 1752 3532 concedas
1809 3470 2070 3551 oportet
2131 3467 2232 3551 iis,

218 3553 322 3632 qui
354 3556 540 3622 nullo
578 3577 695 3622 suo
731 3559 998 3641 peccato
1035 3554 1494 3641 impediuntur,
1543 3576 1670 3640 quo
1708 3554 1923 3621 minus
1962 3556 2230 3622 alterius

2268 2949 2339 2998 34
