2566 4016
354 224 486 288 476
969 223 1048 277 IN
1086 221 1144 277 C.
1171 221 1479 277 VERREM
1513 220 1671 277 ACT.
1710 222 1777 277 11.

353 372 537 434 veste
573 368 770 432 domu
807 389 924 432 sua
968 370 1112 432 tota
1158 367 1446 450 expilata
1491 365 1889 430 mentionem
1933 370 2204 431 tuorum
2252 368 2388 432 fur-

355 460 574 521 torum
637 477 769 520 non
830 455 1016 539 facit3
1080 475 1219 519 sese
1280 455 1498 539 ipsum
1562 454 1679 518 abs
1743 457 1811 518 te
1873 455 2142 540 repetit,
2214 457 2387 521 nihil

358 544 665 629 amplius3
719 547 963 608 totum‘
989 543 1159 607 enim
1213 546 1331 606 tua
1382 540 1652 606 libidine
1706 545 1774 606 et
1830 537 2068 606 scelere
2126 565 2207 607 ex
2267 566 2391 610 sua

357 632 592 717 patria,
636 632 706 696 in
744 654 871 716 qua
907 630 1132 695 multis
1178 629 1533 695 virtutibus
1579 651 1655 694 ac
1699 628 2027 696 beneficiis
2074 631 2390 717 princeps

356 720 512 804 fuit,
576 719 916 784 sustulisti.
1014 718 1196 783 Dexo
1250 718 1384 801 hic,
1450 737 1640 802 quem
1696 718 1958 801 videtis,
2015 740 2150 783 non
2218 743 2391 804 quae
2416 742 2438 781 ⁵

360 808 618 893 publice
664 805 1053 892 Tyndaride,
1106 827 1238 871 non
1295 827 1459 889 quae
1513 805 1824 890 privatim
1880 805 2007 870 sibi
2061 807 2392 894 eripuisti,

362 896 474 961 sed
509 895 769 960 unicum
815 895 1013 959 miser
1058 894 1176 959 abs
1221 898 1288 958 te
1333 893 1541 958 filium
1588 893 1909 976 optimum
1957 898 2154 978 atque
2205 896 2392 963 inno-

360 983 806 1050 centissimum
869 983 1156 1068 flagitat3
1217 1002 1350 1048 non
1410 1002 1486 1045 ex
1541 981 1769 1047 litibus
1827 982 2196 1047 aestimatis
2254 987 2391 1051 tuis

360 1071 700 1157 pecuniam
743 1072 1031 1154 domum,
1078 1069 1190 1135 sed
1236 1092 1313 1134 ex
1358 1073 1475 1135 tua
1519 1070 1893 1135 calamitate
1937 1070 2137 1135 cineri
2189 1078 2392 1158 atque

363 1160 621 1225 ossibus
656 1159 777 1224 filii
815 1159 915 1224 sui
965 1159 1276 1225 solacium
1323 1159 1467 1223 volt
1512 1157 1776 1241 aliquod
1821 1162 2179 1243 reportare.
2265 1161 2393 1230 Hic
2417 1183 2454 1221 ιο

362 1252 503 1314 tam
541 1248 806 1334 grandis
848 1252 1010 1328 natu
1044 1245 1375 1312 Eubulida
1417 1245 1542 1311 hoc
1586 1248 1845 1310 tantum
1892 1251 2119 1312 exacta
2169 1254 2392 1316 aetate

363 1336 612 1401 laboris
674 1335 1054 1418 itinerisque
1120 1334 1432 1418 suscepit,
1492 1354 1626 1398 non
1680 1337 1755 1398 ut
1810 1334 2057 1418 aliquid
2112 1335 2199 1401 de
2258 1339 2392 1404 suis

363 1424 554 1488 bonis
590 1427 1022 1506 recuperaret,
1069 1423 1183 1486 sed
1226 1427 1327 1504 ut,
1374 1422 1606 1505 quibus
1653 1422 1857 1486 oculis
1903 1428 2214 1489 cruentas
2264 1448 2394 1491 cer·

362 1511 538 1575 vices
573 1510 694 1573 filii
741 1510 842 1573 sui
885 1509 1155 1594 viderat,
1199 1509 1408 1574 isdem
1453 1513 1522 1574 te
1568 1508 2065 1575 condemnatum
2113 1513 2393 1580 videret.

262 1610 363 1660 129
402 1595 470 1662 Si
529 1618 645 1681 per
706 1597 778 1660 L.
824 1595 1162 1661 Metellum
1226 1597 1481 1664 licitum
1545 1602 1741 1681 esset,
1803 1598 2071 1682 iudices,
2136 1607 2393 1668 matres
2416 1621 2450 1660 ιε

363 1686 626 1750 illorum
665 1685 1050 1750 miserorum
1088 1705 1471 1769 sororesque
1505 1684 1880 1770 veniebant3
1919 1709 2205 1771 quarum
2245 1713 2398 1776 una,

366 1795 514 1840 cum
567 1794 691 1859 ego
743 1773 826 1839 ad
869 1772 1254 1838 Heracleam
1298 1777 1497 1861 noctu
1542 1772 1932 1857 accederem,
1987 1796 2136 1838 cum
2193 1781 2402 1844 omni-

365 1863 489 1927 bus
527 1860 845 1929 matronis
883 1861 1020 1925 eius
1058 1861 1342 1926 civitatis
1379 1866 1446 1925 et
1482 1884 1628 1927 cum
1666 1862 1891 1926 multis
1925 1861 2188 1929 facibus
2235 1868 2403 1932 mihi

368 1950 626 2017 obviam
676 1949 881 2034 venit,
936 1952 1003 2015 et
1046 1949 1143 2015 ita
1188 1970 1292 2014 me
1339 1971 1522 2015 suam
1571 1950 1848 2015 salutem
1895 1951 2278 2039 appellans,
2338 1960 2403 2022 te

370 2061 558 2104 suum
595 2038 961 2104 carnificem
995 2038 1358 2121 nominanS,
1402 2038 1527 2103 filii
1559 2060 1796 2103 nomen
1838 2034 2183 2123 inplorans
2236 2046 2404 2111 mihi
2425 2062 2459 2102 ιο

370 2127 453 2191 ad
512 2125 708 2210 pedes
768 2126 1005 2192 misera
1059 2125 1283 2211 iacuit,
1348 2126 1535 2209 quasi
1591 2147 1714 2212 ego
1742 2126 1904 2205 ⁴eius
1961 2128 2258 2196 excitare
2320 2135 2403 2199 ab

368 2213 593 2278 inferis
656 2213 863 2277 filium
919 2234 1197 2298 possem.
1285 2211 1639 2279 Faciebant
1693 2215 1816 2279 hoc
1869 2214 2095 2280 itidem
2157 2222 2404 2286 ceteris

368 2302 439 2366 in
467 2301 842 2366 civitatibus
882 2301 1159 2386 grandes
1195 2303 1356 2365 natu
1393 2305 1634 2367 matres
1672 2306 1738 2366 et
1773 2301 1929 2366 item
1968 2306 2165 2388 parvi
2203 2308 2406 2374 liberi

369 2389 782 2471 miserorum3
830 2409 1104 2470 quorum
1140 2394 1487 2473 utrumque
1525 2393 1705 2455 aetas
1751 2390 2045 2455 laborem
2092 2396 2165 2458 et
2216 2396 2405 2462 indu-

371 2476 600 2540 striam
646 2496 884 2558 meam,
935 2475 1129 2538 fidem
1176 2480 1243 2540 et
1288 2476 1795 2543 misericordiam
1840 2482 2127 2544 vestram
2179 2486 2406 2568 requi·
2426 2502 2462 2542 ts

267 2574 370 2626 130
397 2562 601 2628 rebat.
645 2561 876 2646 Itaque
906 2562 987 2627 ad
1015 2584 1136 2646 me,
1154 2563 1414 2649 iudices,
1432 2564 1602 2630 hanc
1630 2566 2097 2649 querimoniam
2126 2580 2408 2654 praeter

371 2654 617 2718 ceteras
665 2646 887 2715 Sicilia
940 2650 1201 2736 detulit3
1254 2652 1561 2717 lacrumis
1616 2674 1738 2739 ego
1788 2654 1938 2738 huc,
1991 2676 2127 2720 non
2182 2660 2409 2745 gloria

369 2739 672 2804 inductus
738 2739 1003 2823 accessi,
1064 2760 1146 2803 ne
1204 2738 1376 2805 falsa
1434 2739 1764 2806 damnatio
1776 2792 1794 2826 ,
1855 2763 1936 2806 ne
1994 2765 2256 2831 carcer,
2329 2772 2411 2815 ne

370 2832 654 2911 catenae,
689 2848 772 2891 ne
806 2827 1095 2909 verbera,
1129 2848 1212 2892 ne
1251 2848 1526 2912 secures,
1563 2850 1648 2893 ne
1683 2829 2003 2895 cruciatus
2042 2834 2413 2920 sociorum,

369 2937 453 2980 ne
489 2915 756 3001 sanguis
792 2914 1250 3000 innocentium,
1296 2936 1377 2980 ne
1416 2915 1686 3002 denique
1723 2917 1921 2982 etiam
1959 2925 2412 3009 exsanguium
2433 2941 2464 2980 n

370 3025 647 3088 corpora
700 3006 1132 3086 mortuorum,
1184 3024 1266 3067 ne
1313 3025 1571 3068 maeror
1614 3008 1958 3088 parentum
2006 3028 2082 3071 ac
2126 3015 2414 3098 propin-

371 3113 646 3175 quorum
709 3090 1206 3176 magistratibus
1268 3092 1515 3156 nostris
1580 3093 1878 3176 quaestui
1939 3101 2174 3178 posset
2245 3122 2417 3167 esse.

368 3178 560 3244 Hunc
624 3198 746 3263 ego
813 3178 870 3242 si
931 3181 1178 3243 metum
1234 3176 1491 3244 Siciliae
1555 3178 1967 3246 damnatione
2024 3182 2234 3251 istius
2298 3212 2419 3274 per

368 3271 656 3331 vestram
717 3265 912 3330 fidem
978 3270 1045 3330 et
1108 3266 1452 3331 veritatem
1515 3268 1826 3353 deiecero,
1890 3269 2170 3357 iudices,
2243 3279 2419 3343 satis
2488 3343 2489 3348 ,

370 3353 584 3418 officio
648 3374 793 3418 meo
802 3402 820 3436 ,
886 3353 1047 3418 satis
1104 3353 1372 3418 illorum
1425 3356 1781 3442 voluntati,
1847 3357 1958 3442 qui
2012 3381 2054 3422 a
2108 3382 2229 3428 me
2288 3365 2421 3431 hoc
2444 3355 2489 3419 ε’

264 3482 353 3543 50
370 3440 767 3523 petiverunt,
811 3439 1056 3505 factum
1105 3462 1246 3505 esse
1293 3442 1683 3508 arbitrabor.

267 3555 368 3603 131
505 3524 932 3610 Quapropter,
961 3527 1019 3592 si
1047 3549 1238 3611 quem
1266 3528 1438 3594 forte
1466 3530 1810 3614 inveneris,
1849 3533 1959 3618 qui
1995 3533 2122 3600 hoc
2164 3543 2425 3606 navale
