2566 4016
796 219 931 275 LIB.
968 219 996 274 1
1075 221 1410 275 CAP.1-—4
1445 227 1476 287 ξ
1513 228 1668 277 2—9.
2114 224 2244 289 143

228 382 349 429 nec
383 361 665 445 populus
697 358 1032 427 Romanus
1067 363 1321 447 metuit,
1356 362 1434 428 de
1469 363 1872 446 impudentia
1907 366 2245 452 singulari,

230 450 404 535 quod
444 448 658 532 adest,
703 448 877 531 quod
919 450 1292 533 respondet,
1338 454 1490 516 sunt
1535 450 1648 534 qui
1692 452 2033 536 mirentur3
2080 455 2242 521 mihi

227 560 348 623 pro
387 540 605 601 cetera
640 536 779 600 eius
816 536 1084 604 audacia
1121 542 1318 621 atque
1358 538 1645 604 amentia
1686 559 1768 604 ne
1814 540 1938 606 hoc
1983 540 2243 625 quidem

229 625 597 693 mirandum
654 623 924 690 videtur.
1003 624 1215 692 Multa
1260 626 1432 690 enim
1479 630 1545 692 et
1587 626 1659 691 in
1704 626 1858 700 deos
1904 633 1971 692 et
2013 629 2085 692 in
2127 628 2245 693 ho·

177 731 205 773 ⁵
232 714 442 778 mines
503 711 702 794 impie
760 711 1129 795 nefarieque
1183 713 1536 796 commisit,
1599 734 1876 798 quorum
1930 716 2245 782 scelerum

232 800 459 886 poenis
485 799 776 899 agitatur
799 803 868 866 et
889 821 930 863 a
951 804 1169 866 mente
1195 801 1594 885 consilioque
1620 801 1969 870 deducitur.
2014 801 2312 900 Agunt7
2279 774 2322 839 3

235 910 383 958 eum
448 886 867 972 praecipitem
932 908 1181 970 poenae
1240 888 1477 953 civium
1521 888 2007 989 Romanorum,
2081 911 2243 975 quos

232 976 475 1061 partim
538 974 748 1039 securi
808 975 1152 1058 percussit,
1214 976 1457 1059 partim
1510 976 1585 1041 ιιι
1640 976 1915 1046 vinculis
1969 980 2247 1079 necavit,

232 1065 476 1148 partim
519 1062 948 1145 implorantes
992 1062 1137 1128 iura
1181 1064 1507 1129 libertatis
1553 1067 1620 1128 et
1665 1065 1948 1138 civitatis
1992 1066 2063 1134 ιιι
2106 1089 2245 1133 cru-

154 1168 210 1209 10
234 1174 373 1219 cem
429 1150 713 1216 sustulit.
802 1149 1093 1233 Rapiunt
1146 1172 1294 1218 eum
1349 1152 1431 1217 ad
1485 1153 1872 1234 supplicium
1918 1152 1986 1216 di
2028 1154 2246 1237 patrii,

236 1238 411 1323 quod
460 1239 586 1302 iste
639 1258 804 1303 unus
856 1238 1158 1305 inventus
1212 1243 1337 1322 est,
1400 1239 1511 1322 qui
1566 1243 1632 1304 et
1682 1261 1716 1303 e
1770 1239 2084 1324 conplexu
2137 1261 2246 1323 pa-

236 1330 495 1391 rentum
548 1327 853 1411 abreptos
907 1325 1078 1391 filios
1134 1325 1215 1391 ad
1269 1346 1491 1392 necem
1542 1326 1802 1392 duceret
1848 1332 1915 1392 et
1956 1327 2247 1412 parentis

234 1413 517 1499 pretium
573 1435 693 1498 pro
748 1413 1083 1513 sepultura
1133 1414 1415 1479 liberum
1468 1420 1779 1497 posceret.¹
1869 1415 2244 1502 Religiones

235 1523 387 1567 vero
455 1500 1008 1585 caerimoniaeque
1075 1502 1364 1578 omnium
1427 1523 1757 1576 sacrorum
1818 1503 2247 1606 fanorumque

158 1604 210 1645 1⁵
235 1590 518 1664 violatae
555 1588 1028 1673 simulacraque
1065 1589 1349 1673 deorum,
1396 1612 1561 1674 quae
1594 1611 1731 1660 ιιοιι
1762 1593 1957 1659 modo
1996 1615 2073 1658 ex
2109 1593 2246 1659 suis

235 1678 499 1762 templis
554 1677 782 1750 ablata
824 1681 1002 1759 sunt,
1058 1677 1170 1750 sed
1214 1678 1415 1752 etiam
1458 1679 1672 1745 iacent
1713 1680 1785 1752 in
1827 1681 2113 1780 tenebris
2159 1681 2244 1747 ab

234 1766 365 1830 isto
402 1769 659 1832 retrusa
690 1769 887 1849 atque
925 1764 1165 1848 abdita,
1211 1766 1565 1836 consistere
1602 1768 1737 1832 eius
1776 1767 2064 1840 animum
2105 1768 2245 1832 sine

235 1855 458 1917 furore
516 1856 711 1940 atque
763 1853 1049 1918 amentia
1099 1874 1234 1922 non
1289 1854 1524 1920 sinunt.
1622 1852 1850 1937 Neque
1904 1855 2030 1920 iste
2084 1854 2246 1919 mihi
2279 1866 2315 1917 8

238 1940 495 2005 videtur
547 1960 617 2005 se
672 1940 752 2004 ad
805 1941 1287 2011 dam-nationem
1337 1941 1550 2006 solum
1594 1941 1827 2013 offerre,
1867 1962 2076 2026 neque
2121 1942 2246 2013 hoc

155 2045 211 2086 ²0
239 2028 554 2095 avaritiae
589 2029 906 2113 supplicio
946 2028 1289 2112 communi,
1336 2029 1449 2113 qui
1484 2050 1555 2094 se
1589 2034 1693 2101 tot
1737 2029 2093 2101 sceleribus
2135 2031 2245 2097 ob-

240 2116 593 2200 strinxerit,
620 2118 963 2189 conteutus
991 2138 1162 2199 esse3
1194 2116 1592 2202 singularem
1620 2116 1943 2202 quandam
1969 2138 2246 2201 poenam

235 2205 428 2271 istius
453 2204 758 2270 immanis
786 2209 983 2290 atque
1013 2206 1387 2289 importuna
1418 2209 1656 2275 natura
1692 2204 2029 2271 desiderat.
2093 2205 2158 2271 N
2161 2229 2247 2272 on

235 2294 305 2358 id
339 2293 554 2359 solum
591 2293 939 2377 quaeritur,
982 2297 1058 2368 ut
1092 2292 1221 2358 isto
1259 2293 1566 2363 damnato
1603 2294 1777 2366 bona
1816 2294 2246 2367 restituantur

237 2382 338 2466 iis,
382 2381 616 2465 quibus
654 2385 882 2464 erepta
920 2385 1098 2464 sunt,
1153 2381 1266 2447 sed
1311 2386 1378 2446 et
1420 2382 1768 2468 religiones
1816 2383 2081 2455 deorum
2124 2384 2246 2453 im-

156 2483 211 2525 25
237 2469 615 2541 mortalium
652 2469 1004 2554 expiandae
1041 2473 1109 2534 et
1151 2469 1392 2538 civium
1437 2469 1880 2541 Romanorum
1925 2473 2246 2542 cruciatus

239 2557 719 2640 multorumque
798 2556 1238 2623 innocentium
1319 2558 1586 2644 sanguis
1664 2559 1855 2625 istius
1929 2561 2244 2645 supplicio

237 2644 509 2710 luendus
564 2649 683 2710 est.
778 2643 931 2710 Non
983 2645 1156 2710 enim
1206 2643 1445 2729 furem,
1508 2646 1620 2710 sed
1674 2652 2061 2731 ereptorem,
2114 2669 2246 2713 non
2281 2651 2316 2699 9

241 2732 633 2815 adulterum,
696 2732 809 2798 sed
867 2736 1376 2818 expugnatorem
1429 2732 1803 2818 pudicitiae,
1862 2756 1997 2800 non
2050 2735 2246 2800 sacri-

238 2820 490 2921 legum,
544 2820 654 2884 sed
708 2820 966 2886 hostem
1018 2841 1348 2886 sacrorum
1393 2821 1936 2923 religionumque,
1987 2842 2120 2887 non
2165 2822 2246 2886 si-

156 2918 212 2960 ⁸⁰
239 2907 511 2992 carium,
578 2907 692 2972 sed
754 2908 1271 2977 crudelissimum
1335 2910 1697 2974 carnificem
1751 2909 1988 2975 civium
2042 2909 2245 2974 socio-

211 3018 520 3097 Ἁιιιιιιᾳιιθ
547 2995 618 3060 ιιι
661 3000 949 3062 vestrum
993 2996 1301 3063 iudicium
1346 2995 1744 3081 adduximus,
1787 3001 1863 3062 ut
1908 3017 2029 3083 ego
2075 2997 2246 3063 hunc

237 3107 437 3150 unum
465 3085 603 3149 eius
638 3084 815 3149 modi
849 3106 1032 3149 reum
1065 3088 1218 3169 post
1254 3084 1590 3150 hominum
1629 3085 2009 3150 memoriam
2043 3083 2244 3149 fuisse

237 3173 544 3256 arbitrer,
588 3171 692 3238 cui
738 3172 1031 3237 damnari
1075 3173 1418 3256 expediret.

365 3260 542 3326 Nam
578 3259 721 3343 quis
758 3259 883 3325 hoc
915 3281 1048 3325 non
1090 3260 1437 3346 intellegit,
1479 3259 1680 3325 istum
1726 3259 2098 3326 absolutum
2145 3258 2243 3324 dis
2277 3256 2326 3320 4

153 3355 209 3398 ⁸⁵
236 3348 740 3431 hominibusque
766 3348 989 3414 invitis
1016 3352 1237 3414 tamen
1266 3370 1344 3413 ex
1378 3348 1678 3413 manibus
1714 3347 1941 3432 populi
1966 3347 2246 3417 Romani

237 3436 410 3589 ἓῖἑὲἒ
434 3436 811 3590 ἶῗὲῗεζᾟὲῗ
814 3456 1079 3592 2535?
1088 3436 1316 3608 {1⁰¹⁰}ss
1350 3435 1603 3608 ¹332.ssss
1603 3458 1650 3589 ζ’
1678 3435 2018 3620 affl}
2053 3459 2246 3592 1123.
