2566 4016
683 199 820 254 LIB.
856 199 934 254 III
999 199 1152 254 CAP.
1191 204 1400 254 51—53
1437 206 1467 265 ὅ
1508 205 1801 255 120—124.
2116 201 2246 266 319

230 347 548 414 stratibus
615 343 863 408 nostris
930 345 1320 427 tractentur,
1389 365 1524 408 non
1584 344 1929 430 laboratis,
1998 349 2068 411 at
2129 369 2246 411 vos

227 455 638 503 communem
674 431 904 517 populi
937 431 1220 496 Romani
1257 453 1521 496 causam
1558 432 1866 518 suscipite
1904 436 2098 518 atque
2145 434 2247 499 de-

226 524 490 590 fendite.
580 520 844 585 Eiectos
900 523 1191 583 aratores
1249 540 1391 584 esse
1439 519 1608 604 dico,
1663 542 1858 606 agros
1903 522 2245 608 vectigalis

228 614 500 678 vexatos
556 612 753 693 atque
809 608 1171 672 exinanitos
1227 629 1267 672 a
1310 606 1540 691 Verre,
1597 609 1980 693 populatam
2036 614 2248 674 vasta-

176 721 203 760 s
230 704 516 784 tamque.
560 695 987 782 provinciam3
1052 694 1213 760 haec
1277 696 1497 760 omnia
1552 695 1747 761 doceo
1802 697 2041 761 litteris
2098 698 2247 763 civi-

231 792 463 870 tatum,
501 784 775 850 ostendo
802 783 1195 848 testimoniis
1224 786 1291 847 et
1321 783 1601 868 publicis
1638 784 2241 850 honestissimarum

231 876 573 942 civitatum
601 876 667 937 et
692 871 969 957 privatis
1006 871 1469 957 primariorum
1502 872 1816 956 virorum3
1856 873 2010 957 quid
2045 874 2246 938 vultis
2266 872 2352 937 53

231 962 556 1048 amplius?
628 982 787 1025 num
851 959 1232 1043 expectatis,
1299 959 1452 1024 dum
1513 960 1584 1024 L.
1627 959 1961 1044 Metellus,
2022 962 2081 1026 is
2138 962 2249 1046 qui

230 1053 475 1117 multos
518 1050 591 1114 in
633 1049 834 1113 istum
880 1048 1070 1113 testis
1115 1048 1389 1132 imperio
1436 1050 1503 1112 et
1545 1052 1872 1132 potestate
1918 1049 2249 1135 deterruit,

151 1160 204 1199 ιο
230 1140 404 1205 idem
467 1139 698 1203 absens
764 1136 841 1202 de
893 1136 1084 1200 istius
1141 1136 1406 1218 scelere,
1468 1136 1917 1220 improbitate,
1982 1138 2250 1203 audacia

231 1226 681 1293 testimonium
735 1224 951 1289 dicat?
1042 1221 1193 1288 Non
1240 1224 1488 1308 opinor.
1569 1223 1662 1288 At
1705 1225 1764 1289 is
1812 1225 2082 1310 optime,
2138 1227 2251 1309 qui

237 1313 546 1379 successit
578 1312 708 1394 isti,
751 1312 970 1398 potuit
1015 1332 1421 1397 cognoscere.
1501 1311 1607 1375 Ita
1653 1316 1780 1396 est3
1823 1335 2048 1377 verum
2094 1314 2249 1378 ami-

236 1403 392 1469 citia
443 1401 808 1486 impeditur.
897 1401 992 1464 At
1047 1400 1237 1464 debet
1289 1421 1407 1464 vos
1463 1400 1772 1465 certiores
1827 1401 2064 1486 facere,
2120 1423 2246 1486 quo

233 1495 426 1577 pacto
464 1512 534 1555 se
569 1489 811 1554 habeat
846 1488 1197 1573 provincia.
1276 1487 1518 1571 Debet3
1562 1510 1788 1553 verum
1825 1493 2047 1554 tamen
2079 1511 2213 1554 non
2252 1502 2352 1553 123

152 1598 205 1638 15
234 1579 506 1666 cogitur.
586 1575 763 1642 Num
810 1576 955 1661 quis
1000 1576 1071 1640 in
1097 1575 1370 1641 Verrem
1407 1576 1478 1640 L.
1505 1574 1757 1641 Metelli
1802 1577 2250 1643 testimonium

230 1666 549 1752 requirit?
638 1664 867 1730 Nemo.
948 1662 1127 1728 Num
1181 1664 1325 1747 quis
1380 1665 1719 1750 postulat?
1799 1664 1952 1730 Non
2003 1667 2250 1750 opinor.

234 1755 445 1834 Quid?
493 1754 550 1818 si
598 1751 977 1818 testimonio
1013 1752 1084 1816 L.
1120 1750 1375 1816 Metelli
1420 1775 1494 1817 ac
1539 1753 1779 1817 litteris
1825 1754 1986 1818 haee
2032 1754 2251 1818 omnia

233 1865 390 1908 vera
444 1863 583 1905 esse
640 1841 880 1905 docebo
890 1891 908 1923 ,
974 1839 1128 1925 quid
1179 1840 1450 1905 dicetis?
1522 1843 1743 1904 utrum
1795 1840 1865 1904 L.
1910 1840 2250 1906 Metellum

232 1930 475 1996 falsum
541 1929 820 1994 scribere
885 1949 969 1993 an
1033 1927 1313 1993 amicum
1375 1927 1671 1992 laedendi
1735 1949 1875 1993 esse
1930 1928 2250 2014 cupidum,

152 2038 208 2078 20
237 2042 321 2085 an
355 2021 743 2103 praetorem,
788 2037 980 2100 quem
1025 2016 1108 2081 ad
1154 2017 1418 2082 modum
1462 2016 1798 2101 provincia
1844 2016 2099 2082 adfecta
2144 2018 2251 2102 sit,

233 2107 525 2173 nescire?
605 2105 836 2171 Recita
879 2104 1133 2170 litteras
1170 2105 1240 2169 L.
1267 2103 1537 2188 Metelli,
1585 2126 1745 2189 quas
1792 2104 1875 2169 ad
1911 2104 2025 2170 Cn.
2062 2104 2250 2171 Pom-

233 2196 453 2280 peium
490 2198 556 2259 et
591 2193 680 2258 M.
708 2191 1016 2259 Crassum
1053 2194 1379 2277 consuleS,
1426 2214 1586 2277 quas
1634 2192 1717 2257 ad
1751 2191 1837 2257 M.
1866 2192 2250 2258 Mummium

235 2287 622 2368 praetorem,
645 2303 807 2367 quas
832 2282 915 2345 ad
939 2285 1317 2365 quaestores
1342 2282 1627 2346 urbanos
1652 2281 1849 2345 misit.
1895 2280 2251 2347 EPISTULA

235 2371 308 2435 L.
351 2370 690 2435 METELLI.
789 2369 1126 2435 DECUMAs
1189 2387 1549 2434 munaum
1612 2386 1798 2435 LEGE
1850 2368 2252 2436 HIERONICA

150 2477 208 2519 2⁵
236 2477 557 2525 VENDIDI.
647 2458 810 2525 Cum
864 2458 1092 2523 scribit
1145 2478 1212 2522 se
1267 2460 1414 2543 lege
1468 2456 1819 2523 Hieronica
1871 2459 2252 2544 vendidisse,

237 2548 392 2633 quid
455 2548 726 2614 scribit?
824 2546 932 2611 Ita
996 2568 1064 2610 se
1126 2546 1517 2628 vendidisse,
1582 2548 1657 2610 ut
1716 2568 1938 2611 omnes
1993 2551 2252 2632 praeter

235 2635 559 2701 Verrem.-
614 2634 781 2700 Cum
845 2634 1072 2699 scribit
1138 2654 1207 2697 se
1270 2634 1415 2719 lege
1470 2632 1819 2699 Hieronica
1873 2635 2251 2716 vendidisse,
2291 2680 2306 2694 .

239 2723 393 2805 quid
448 2722 716 2788 scribit?
809 2720 892 2786 Se
944 2743 1062 2805 per
1116 2721 1318 2786 istum
1373 2724 1597 2806 erepta
1642 2719 1877 2786 Siculis
1933 2722 2252 2786 maiorum

235 2813 609 2875 nostrorum
660 2810 997 2893 beneficia,
1049 2809 1151 2873 ius
1197 2810 1516 2894 ipsorum,
1572 2809 2009 2875 condicionem
2057 2809 2251 2873 socie-

150 2917 208 2959 30
235 2898 396 2964 tatis
406 2948 424 2981 ,
470 2896 819 2979 amicitiae,
862 2896 1190 2961 foederum
1240 2896 1610 2961 reddidisse.
1690 2897 1894 2980 Dicit,
1942 2896 2171 2980 quanti
2208 2895 2356 2963 (124)

235 2986 543 3069 cuiusque
580 2984 725 3070 agri
761 2983 1058 3049 decumas
1094 2984 1485 3069 vendiderit3
1524 2984 1750 3049 deinde
1789 2984 1943 3068 quid
1981 2983 2250 3048 scribit?

236 3074 484 3140 SUMMA
520 3091 596 3139 vl
632 3088 821 3135 DATA
855 3089 982 3137 EST
1019 3091 1066 3137 A
1101 3090 1200 3137 ΜΕ
1240 3090 1488 3156 OPERA,
1533 3091 1624 3138 m*
1663 3089 1859 3149 QUAM
1904 3089 2212 3137 PLURIMO
2254 3084 2357 3133 124

234 3178 561 3230 naeuius
624 3177 1027 3242 VENDEREU.
1128 3158 1259 3225 Gur
1320 3161 1552 3247 igitur,
1615 3159 1905 3244 Metelle,
1967 3181 2099 3225 non
2154 3161 2251 3225 ita

235 3271 475 3336 magno
540 3247 930 3314 vendidisti?
1028 3246 1197 3323 Quia
1257 3248 1546 3314 desertas
1612 3249 1965 3333 arationes,
2038 3248 2250 3312 inanis

152 3356 207 3398 ³5
237 3360 461 3425 agrOS,
535 3336 939 3421 provinciam
1011 3335 1317 3400 miseram
1387 3337 1837 3422 perditamque
1911 3336 2252 3402 offendisti.

236 3425 447 3504 Quid?
511 3426 580 3490 id
633 3426 876 3511 ipsum,
932 3423 1105 3508 quod
1159 3427 1374 3488 satum
1429 3428 1557 3505 est,
1612 3447 1740 3507 qua
1783 3425 2036 3490 ratione
2084 3426 2254 3508 quis-

237 3536 434 3598 quam
482 3515 595 3598 qui
641 3517 884 3579 sereret
929 3513 1229 3577 inventus
1277 3511 1421 3575 est?
1500 3511 1746 3577 Recita.
1827 3513 2112 3578 Litteras
2160 3513 2253 3577 ait
