2566 4016
293 198 417 263 188
879 197 959 251 IN
997 197 1054 252 0.
1091 196 1405 252 VERREM
1445 195 1711 251 AcT.11.

286 341 564 427 Fannio,
615 342 809 408 fratri
849 346 991 425 tuo,
1037 341 1321 424 credere3
1376 340 1532 405 dicit
1579 339 1750 404 enim
1794 359 1934 403 rem
1979 337 2319 403 incredibi-

288 433 447 515 lem3
494 429 561 496 0.
596 429 871 496 Verrem
906 430 1247 494 insimulat
1294 428 1610 494 avaritiae
1657 431 1723 492 et
1769 426 2093 508 audaciae,
2151 449 2317 511 quae

288 520 451 585 vitia
497 518 797 584 videntur
840 519 911 582 in
956 517 1248 602 quemvis
1294 517 1515 602 potius
1563 537 1758 600 quam
1803 515 1872 579 in
1917 514 2120 579 istum
2168 537 2318 581 con-

288 608 526 673 venire.
607 606 792 672 Dixit
841 605 912 682 Q.
959 605 1219 690 Tadius,
1263 605 1461 670 homo
1507 603 2061 670 familiarissimus
2107 605 2316 687 patris

287 696 508 779 istius,
561 716 694 760 non
748 695 1001 760 alienus
1054 717 1093 759 a
1148 694 1379 758 matris
1437 692 1573 757 eius
1636 713 1871 778 genere
1918 694 1984 755 et
2029 692 2318 776 nomine;
2343 709 2371 751 ⁶

290 784 553 849 tabulas
599 783 896 878 protulit,
941 783 1175 867 quibus
1220 781 1563 866 pecuniam
1610 801 1678 846 se
1724 779 1975 846 dedisse
2015 780 2317 845 ostendit.

291 871 577 936 Remu.
648 887 923 936 Nouum
969 869 1646 946 Q.TAD1.Rnc1-1=A.
1719 884 2197 934 'ms'rmomnu
2244 867 2318 943 Q.

292 959 491 1024 TADI.
537 957 638 1024 Ne
659 957 822 1024 Tadi
842 957 1102 1043 quidem
1120 958 1368 1023 tabulis
1387 978 1506 1023 nec
1532 955 1911 1022 testimonio
1940 955 2317 1021 credemus?

293 1047 462 1123 Quid
495 1047 701 1148 igitur
735 1047 807 1111 in
840 1046 1092 1112 iudiciis
1130 1045 1516 1129 sequemur?
1573 1043 1742 1119 Quid
1785 1048 1887 1109 est
1913 1043 2088 1109 aliud
2115 1044 2318 1109 omni·

291 1136 415 1200 bus
472 1135 692 1201 omnia
746 1137 1012 1220 peccata
1066 1139 1134 1199 et
1195 1134 1515 1200 maleficia
1579 1132 1924 1200 concedere
1986 1132 2115 1196 nisi
2172 1131 2319 1217 hoc,
2350 1151 2423 1208 ιο,

290 1222 632 1289 hominum
675 1223 1118 1292 118888181881
1135 1221 1532 1290 testimoniis
1569 1224 1637 1286 et
1671 1220 1963 1286 virorum
1998 1220 2320 1286 bonorum

191 1328 292 1379 129
327 1312 574 1377 tabulis
627 1333 762 1377 non
814 1312 1114 1377 credere?
1203 1309 1381 1375 Nam
1445 1309 1600 1394 quid
1663 1329 1786 1394 ego
1850 1309 1929 1373 (18
1993 1308 2320 1375 cotidiano

295 1421 591 1465 sermone
622 1399 1149 1483 querimoniaque
1177 1399 1405 1484 populi
1430 1397 1713 1463 Romani
1739 1398 1993 1481 loquar,
2022 1396 2099 1461 de
2127 1398 2319 1463 istius

292 1486 834 1570 inpudentissimo
908 1486 1085 1552 furto
1160 1508 1276 1551 seu
1342 1486 1564 1572 potius
1627 1507 1796 1550 novo
1862 1506 1938 1550 88
2002 1484 2321 1571 singulari

294 1574 685 1640 latrocinio?
741 1596 971 1640 ausum
1017 1595 1158 1639 esse
1202 1574 1272 1639 in
1319 1574 1475 1639 aede
1522 1572 1844 1654 08818118,
1898 1573 2318 1639 celeberrimo
2350 1591 2404 1633 ιδ

296 1662 786 1747 clarissimoque
864 1665 1314 1743 monumento,
1388 1661 1559 1746 quod
1614 1662 1932 1746 templum
1985 1660 2056 1727 in
2116 1663 2319 1728 oculis

295 1751 748 1836 cotidianoque
794 1754 1060 1837 aspectu
1104 1750 1334 1836 populi
1377 1749 1659 1816 Romani
1702 1750 1991 1835 positum
2027 1753 2146 1834 est,
2193 1772 2317 1835 quo

296 1861 487 1925 saepe
549 1861 819 1905 numero
860 1842 1148 1905 *senatus
1213 1842 1632 1923 convocatur,
1697 1859 1825 1923 quo
1889 1837 2321 1904 maximarum
2435 1837 2447 1852 ‘

295 1949 510 1993 rerum
567 1928 1132 2032 frequentissimae
1187 1927 1424 1994 cotidie
1480 1926 1935 1992 advocationes
1994 1926 2189 2011 fiunt,
2250 1927 2321 1990 in

296 2039 371 2082 eo
410 2018 553 2084 loco
599 2019 669 2082 in
706 2039 1000 2083 sermone
1038 2017 1378 2082 hominum
1416 2015 1720 2083 audaciae
1759 2036 1912 2085 suae
1948 2036 2320 2081 monumen·
2349 2033 2405 2074 πο

295 2110 439 2172 tum
485 2110 822 2171 aeternum
866 2106 1250 2190 relinquere.

190 2167 278 2232 50
428 2193 677 2259 Aedem
713 2192 1023 2276 08818118,
1064 2193 1328 2277 iudices,
1370 2191 1443 2256 P.
1477 2192 1701 2261 Iunius
1738 2191 1972 2257 habuit
2010 2189 2321 2256 tuendam

193 2244 295 2295 130
332 2282 410 2346 de
455 2281 527 2345 L.
573 2279 757 2345 Sulla
803 2279 876 2355 Q.
921 2280 1190 2345 Metello
1235 2243 1630 2346 co'nsulibus.
1718 2280 1784 2345 Is
1842 2284 2136 2346 mortuus
2193 2284 2320 2363 est3

295 2368 563 2452 reliquit
615 2368 939 2453 pupillum
991 2390 1266 2452 parvum
1328 2369 1557 2434 filium.
1656 2366 1821 2433 Cum
1883 2368 1956 2432 L.
2011 2366 2319 2434 Octavius

296 2453 366 2521 0.
420 2455 727 2521 Aurelius
791 2456 1088 2521 consules
1148 2456 1326 2522 aedis
1382 2479 1599 2523 sacras
1654 2455 2048 2556 locavissent
2110 2477 2320 2540 neque
2349 2473 2403 2515 25

296 2544 663 2630 potuissent
717 2544 935 2609 omnia
991 2549 1170 2610 sarta
1221 2548 1399 2610 tecta
1454 2546 1709 2630 exigere
1763 2566 1970 2628 neque
2023 2543 2070 2607 11
2132 2565 2323 2628 prae-

295 2638 501 2716 18188,
566 2632 799 2716 quibus
865 2638 1008 2698 erat
1058 2634 1398 2719 negotium
1453 2634 1703 2717 datum,
1763 2630 1833 2699 0.
1888 2630 2199 2697 Sacerdos
2257 2635 2325 2696 et

295 2720 382 2786 M.
429 2719 715 2804 Caesius,
759 2720 1005 2786 factum
1053 2725 1153 2786 881
1200 2724 1465 2786 8888188
1511 2721 1909 2805 8888811881,
1960 2720 2195 2805 quibus
2245 2719 2323 2784 de

298 2809 493 2875 sartis
557 2771 748 2874 tectis
811 2809 1146 2894 cognitum
1209 2813 1276 2873 81
1338 2809 1694 2874 18(11881818
1754 2831 1888 2874 888
1951 2812 2151 2892 88881,
2222 2807 2323 2872 811

298 2896 366 2963 0.
413 2896 654 2964 Verres
699 2897 770 2962 P.
817 2895 1077 2963 Coelius
1131 2901 1467 2982 praetores
1523 2901 1989 2997 cognoscerent
2044 2901 2110 2961 et
2162 2895 2324 2960 iudi·
2354 2914 2407 2954 so

297 2990 536 3051 carent.
647 2984 788 3087 Qua
859 2988 1189 3070 potestate
1258 2985 1387 3050 iste
1459 2985 1779 3069 permissa
1843 3034 1858 3050 .
1886 3033 1902 3049 .
1973 3034 2037 3068 .‚
2098 2988 2173 3048 ut
2247 3005 2326 3048 ex

296 3072 411 3141 011.
456 3074 706 3140 Fannio
755 3077 820 3138 et
867 3095 944 3138 ex
990 3072 1063 3148 Q.
1110 3072 1316 3137 Tadio
1363 3073 1782 3175 cognovistiS,
1833 3094 2057 3138 verum
2103 3076 2328 3137 tamen

296 3185 443 3228 cum
489 3166 661 3227 esset
707 3161 1007 3227 omnibus
1052 3161 1123 3224 18
1166 3161 1360 3226 rebus
1399 3161 1808 3246 apertissime
1844 3159 2331 3246 impudentissi-

297 3272 526 3334 meque
579 3249 958 3336 praedatus,
1019 3247 1145 3315 hoc
1199 3249 1410 3315 voluit
1465 3250 1901 3315 clarissimum
1959 3249 2330 3334 relinquere

295 3337 605 3402 indicium
667 3337 1160 3403 latrociniorum
1227 3359 1518 3422 suorum,
1582 3338 1660 3403 de
1725 3359 1853 3423 quo
1916 3359 2052 3403 non
2105 3337 2332 3403 audire
2362 3355 2417 3396 ³⁵

194 3433 293 3482 131
336 3423 711 3508 aliquando,
780 3425 895 3490 sed
938 3425 1155 3490 videre
1220 3426 1458 3491 cotidie
1513 3447 1871 3511 possemua
1973 3423 2337 3510 Quaesivit,

301 3509 445 3591 quis
502 3510 726 3575 aedem
782 3511 1075 3578 Castoris
1131 3519 1378 3579 sartam
1434 3518 1677 3580 tectam
1733 3513 2016 3580 deberet
2055 3514 2339 3580 tradere.
