2566 4016
903 207 1056 261 CAP.
1089 215 1219 264 ιο-
1231 214 1296 263 12
1334 214 1365 273 s
1396 206 1630 263 'so—36.
2153 210 2278 274 133

252 352 324 418 in
382 349 780 436 explicandis
835 351 1212 417 criminibus
1269 373 1535 436 operam
1589 372 2060 436 consumerem3
2110 374 2281 419 nunc

249 439 563 525 quoniam
617 459 914 523 pugnare
966 443 1195 505 contra
1249 460 1353 503 me
1408 439 1757 504 instituisti
1809 461 1942 504 non
1999 444 2139 505 tam
2203 463 2281 505 ex

252 533 369 594 tua
393 531 634 593 natura
662 548 860 610 quam
887 547 965 591 ex
990 527 1182 592 istius
1210 529 1505 609 tempore
1543 531 1610 592 et
1647 549 1843 592 causa
1880 528 2280 612 [malitiose],

250 637 515 682 necesse
571 618 674 679 est
726 614 918 679 istius
973 614 1149 680 modi
1203 614 1445 680 rationi
1499 615 1719 700 aliquo
1774 615 2047 680 consilio
2104 616 2280 680 obsi-

200 722 227 761 5
257 709 446 770 stere.
537 701 678 767 Tua
731 702 900 767 ratio
956 706 1085 786 est,
1134 706 1210 766 nt
1256 702 1606 767 secundum
1652 702 1839 769 binos
1886 703 2074 768 ludos
2119 704 2281 768 mihi

257 790 646 875 respondere
691 789 992 873 incipias,
1039 812 1210 874 mea,
1264 794 1339 854 ut
1385 794 1536 855 ante
1580 791 1828 875 primos
1874 791 2063 856 ludos
2109 813 2278 858 com-

252 878 688 965 perendinem.
786 876 893 942 Ita
954 878 1094 962 fiet,
1155 882 1231 942 ut
1295 881 1410 943 tua
1469 878 1599 943 ista
1651 879 1821 944 ratio
1877 879 2280 945 existimetur

256 971 495 1050 astuta,
539 987 756 1031 meum
801 965 926 1031 hoc
971 965 1315 1031 consilium
1358 966 1810 1032 necessarium.

2317 718 2382 765 34

385 1051 633 1119 Verum
687 1052 879 1131 illud,
934 1052 1106 1136 quod
1159 1053 1574 1130 institueram
1628 1054 1866 1138 dicere,
1924 1055 2085 1119 mihi
2141 1077 2278 1121 rem
2301 1052 2382 1116 12

175 1162 227 1201 10
255 1149 474 1208 tecum
528 1162 697 1226 esse,
754 1140 944 1205 huius
991 1138 1167 1205 modi
1214 1144 1331 1206 est.
1420 1140 1567 1228 Ego
1613 1164 1759 1207 cum
1803 1142 1972 1206 hanc
2018 1164 2279 1208 causam

257 1231 625 1297 Siculorum
679 1231 917 1314 rogatu
970 1227 1360 1312 recepissem
1412 1230 1605 1313 idque
1661 1229 1824 1293 mihi
1878 1230 2168 1313 amplum
2214 1235 2281 1294 et

257 1318 663 1403 praeclarum
711 1316 1202 1401 existimassem,
1248 1336 1360 1381 eos
1401 1317 1570 1383 velle
1607 1338 1788 1382 meae
1824 1317 1976 1381 fidei
2012 1317 2278 1403 diligen·

257 1406 515 1490 tiaeque
559 1405 918 1490 periculum
953 1403 1184 1488 facere,
1228 1404 1342 1488 qui
1376 1404 1783 1471 innocentiae
1820 1406 2278 1472 abstinentiae-

258 1516 381 1580 que
435 1494 769 1577 fecissent,
821 1496 964 1558 tum
1020 1496 1324 1575 suscepto
1377 1492 1644 1579 negotio
1699 1494 1908 1559 maius
1972 1494 2277 1579 quiddam

174 1600 227 1641 15
256 1583 418 1648 mihi
431 1582 766 1667 proposui,
792 1581 863 1645 in
881 1602 1008 1663 quo
1029 1601 1242 1645 meam
1260 1580 1332 1645 in
1349 1602 1488 1646 rem
1516 1581 1845 1666 publicam
1872 1583 2277 1649 voluntatem

254 1671 535 1757 populus
580 1669 913 1735 Romanus
958 1668 1322 1753 perspicere
1365 1673 1608 1755 posset.
1687 1669 1862 1736 Nam
1906 1671 2073 1735 illud
2118 1671 2279 1736 mihi

255 1779 667 1842 nequaquam
695 1757 974 1841 dignum
990 1756 1313 1822 industria
1339 1760 1702 1841 conatuque
1739 1780 1883 1823 meo
1919 1758 2280 1842 videbatur,

256 1847 462 1909 istum
508 1867 549 1908 a
592 1865 695 1910 me
739 1845 811 1909 in
852 1844 1160 1909 iudicium
1202 1845 1338 1909 iam
1384 1845 1675 1910 omnium
1709 1845 1948 1909 iudicio
1978 1845 2279 1910 condem-

259 1937 489 1998 natum
541 1932 784 2017 vocari,
837 1932 964 1997 nisi
1017 1934 1149 1997 ista
1200 1936 1318 1998 tua
1369 1932 1802 1996 intolerabilis
1857 1934 2152 2016 potentia
2213 1939 2280 1998 et

176 2039 231 2080 20
261 2044 339 2087 ea
392 2020 736 2106 cupiditas,
791 2043 920 2105 qua
973 2043 1089 2108 per
1143 2020 1340 2093 hosce
1387 2041 1591 2086 annos
1636 2021 1705 2085 in
1751 2021 2138 2104 quibusdam
2183 2022 2278 2087 ιιι-

259 2110 441 2176 diciis
487 2131 643 2175 usus
690 2131 777 2193 eS,
824 2109 1023 2174 etiam
1068 2109 1139 2174 in
1172 2108 1365 2174 istius
1401 2107 1684 2174 hominis
1722 2109 2048 2194 desperati
2085 2131 2281 2174 causa

254 2196 1072 2283 interponeretur.ch
1123 2217 1309 2282 vero,
1370 2197 1677 2281 quoniam
1729 2197 1891 2262 haec
1944 2201 2012 2262 te
2069 2198 2278 2263 omnis

257 2286 615 2355 dominatio
661 2304 1062 2386 regnumque
1105 2285 1491 2392 iudiciorum
1535 2291 1722 2388 tanto
1769 2307 1962 2370 opere
2001 2286 2281 2352 delectat

173 2479 227 2521 '⁵
257 2461 1082 2635 {32331232331333353'32
1113 2462 2280 2616 ffissffiiiffmssndussffiffiussdffi

258 2661 362 2704 me
407 2638 719 2722 profiteor
753 2638 1113 2721 suscepisse
1149 2658 1462 2723 magnum
1497 2637 1778 2703 fortasse
1816 2660 1977 2703 onus
2017 2602 2280 2703 et⁷mihi

258 2726 722 2810 periculosum,
796 2746 1021 2793 verum
1092 2729 1315 2789 tamen
1384 2724 1678 2810 dignum,
1749 2727 1819 2790 ιιι
1882 2748 2010 2809 quo
2056 2746 2278 2790 omnes

257 2833 496 2883 nervos
525 2814 759 2878 aetatis
793 2812 1279 2896 industriaeque
1315 2835 1498 2878 meae
1535 2814 2004 2879 contenderem.
2065 2813 2277 2889 Quon-

173 2921 229 2960 ao
257 2901 391 2966 iam
466 2904 644 2966 totus
715 2901 874 2966 ordo
946 2922 1300 2986 paucorum
1373 2900 1795 2985 improbitate
1866 2906 1934 2965 et
2014 2900 2282 2965 audacia

257 2989 577 3074 premitur
623 2993 690 3054 et
725 2993 996 3075 urgetur
1030 2988 1305 3063 infamia
1338 2988 1739 3072 iudiciorum,
1783 2988 2095 3073 profiteor
2130 2987 2281 3053 huic

260 3078 481 3163 generi
525 3077 867 3143 hominum
913 3098 1017 3143 me
1062 3077 1396 3142 immicum
1443 3081 1912 3160 accusatorem,
1967 3075 2280 3160 odiosum,

257 3166 619 3250 assiduum,
683 3166 986 3230 acerbum
1053 3163 1509 3230 adversarium.
1625 3163 1770 3229 Hoc
1840 3163 2004 3228 mihi
2076 3185 2280 3247 sumo,

255 3253 379 3318 hoc
433 3253 598 3319 mihi
653 3253 956 3338 deposce,
1019 3253 1193 3337 quod
1246 3274 1442 3338 agam
1497 3253 1568 3316 in
1627 3251 2045 3337 magistratu,
2108 3251 2281 3337 quod

172 3357 227 3398 ³5
257 3363 451 3427 agam
509 3363 587 3407 ex
642 3362 718 3405 eo
775 3342 947 3425 loce,
1003 3363 1081 3406 ex
1137 3362 1264 3424 quo
1320 3361 1421 3405 me
1475 3340 1756 3424 populus
1810 3338 2142 3406 Romanus
2203 3362 2281 3405 ex

253 3429 399 3495 Kal.
437 3429 694 3495 Ianuar.
732 3449 949 3495 secum
996 3450 1189 3515 agere
1236 3428 1315 3493 de
1360 3448 1429 3492 re
1473 3427 1736 3512 publica
1781 3449 1856 3494 ac
1894 3426 1971 3492 de
2006 3428 2281 3495 homini-

254 3517 379 3581 bus
435 3517 755 3603 improbis
800 3516 1036 3601 voluit3
1092 3518 1215 3582 hoc
1262 3537 1496 3581 munus
1543 3515 1898 3582 aedilitatis
1943 3539 2126 3583 meae
2170 3538 2281 3602 po-

2316 1682 2380 1734 35

2316 2827 2381 2874 36
