2566 4016
727 180 861 237 ΜΒ.
900 182 937 246 1,
965 240 970 244 ,
997 180 1153 237 CAP.
1194 187 1403 238 18-20
1438 189 1468 249 ς
1504 190 1731 240 47-53.
2127 185 2253 250 159

229 328 493 395 tabulas
520 326 723 410 illinc,
753 348 917 410 quae
947 327 1137 412 signa
1165 327 1457 393 sustulit!
1489 350 1653 412 quae
1682 330 1958 415 cognovi
1996 332 2255 416 egomet

230 417 404 502 apud
447 416 650 480 istum
696 414 768 478 in
812 413 1078 479 aedibus
1124 429 1358 501 nuper,
1412 438 1557 481 cum
1604 416 1993 503 obsignandi
2040 418 2255 502 gratia

228 505 568 570 venissem.
663 502 842 578 Quae
897 503 1086 588 signa
1136 525 1335 587 nunc,
1388 504 1656 589 Verres,
1720 505 1832 570 ubi
1887 506 2082 569 sunt?
2135 505 2256 571 illa
2291 525 2358 574 51

230 615 499 678 quaero,
556 612 720 675 quae
777 590 949 675 apud
1002 595 1068 655 te
1122 613 1330 676 nuper
1376 592 1460 658 ad
1502 593 1729 658 omnes'
1772 593 2133 675 columnas,
2187 595 2258 659 in

176 707 202 748 ⁵
231 681 533 747 omnibus
598 679 799 744 etiam
860 680 1402 765 intercolumniis,
1463 681 1534 745 in
1598 682 1766 747 silva
1811 681 2084 764 denique
2131 680 2256 745 dis·

230 770 452 855 posita
510 768 628 833 sub
687 767 836 833 divo
890 768 1188 833 vidimus.
1286 765 1416 834 Cur
1471 791 1575 854 ea,
1638 791 1833 853 quam
1891 769 2001 834 diu
2056 769 2254 834 alium

228 860 601 943 praetorem
656 877 803 922 cum
856 856 938 921 iis
992 855 1340 941 iudicibus,
1405 879 1567 941 quos
1621 858 1691 922 in
1743 858 1978 923 horum
2041 858 2254 923 locum

231 945 632 1011 subsortitus
687 965 892 1028 esses,
947 944 1024 1009 de
1078 948 1145 1009 te
1199 945 1269 1010 in
1315 946 1656 1011 consilium
1701 946 1946 1011 iturum
1987 946 2256 1031 putasti,

229 1038 369 1099 tam
399 1033 509 1097 diu
546 1032 721 1098 domi
756 1031 1045 1115 fuerunt3
1082 1037 1509 1117 posteaquam
1543 1034 1788 1100 nostris
1817 1034 2097 1098 testibus
2132 1056 2253 1099 nos

151 1150 204 1190 ιο
232 1145 429 1206 quam
482 1121 662 1186 horis
721 1120 907 1202 [tuis]
964 1120 1063 1184 uti
1117 1121 1315 1186 malle
1369 1122 1618 1205 vidisti,
1680 1122 1936 1187 nullum
1995 1122 2256 1206 signum

233 1211 412 1275 domi
464 1208 790 1293 reliquisti
889 1212 1103 1273 raeter
1159 1209 1313 1293 duo,
1372 1231 1536 1292 quae
1589 1210 1659 1276 in
1712 1209 1939 1274 mediis
1990 1209 2254 1273 aedibus

234 1302 405 1381 sunt,
453 1320 614 1381 quae
659 1298 805 1382 ipsa
898 1318 1046 1361 amo
1094 1297 1358 1362 sublata
1403 1297 1598 1362 sunt?
1670 1296 1822 1362 Non
1865 1297 2116 1381 putasti
2153 1318 2256 1362 me

230 1386 364 1451 tuis
410 1384 941 1451 familiarissimis
987 1385 1058 1450 in
1103 1385 1269 1450 hanc
1315 1406 1452 1449 rem
1498 1385 1876 1450 testimonia
1926 1385 2257 1450 denuntia·

231 1480 451 1540 turum
461 1525 481 1559 ,
554 1474 666 1558 qui
729 1477 881 1538 tuae
945 1472 1122 1538 domi
1184 1495 1441 1556 semper
1503 1473 1806 1558 fuissent,
1879 1496 1957 1539 ex
2020 1474 2255 1557 quibus

102 1633 107 1638 ,
150 1591 205 1631 15
233 1584 636 1648 quaererem,
692 1562 882 1647 signa
937 1561 1257 1626 scirentne
1313 1561 1542 1647 fuisse,
1597 1584 1762 1646 quae
1814 1585 1947 1628 non
1993 1561 2256 1628 essent?

229 1650 399 1727 Quid
452 1655 595 1717 tum
649 1649 771 1715 hos
829 1649 906 1714 de
961 1653 1027 1713 te
1083 1650 1478 1715 iudicaturos
1536 1651 1892 1720 arbitratus
1949 1671 2044 1732 es,
2109 1672 2255 1715 cum
2293 1685 2360 1733 52

229 1740 524 1806 viderent
576 1743 644 1803 te
697 1738 829 1802 iam
883 1747 1039 1802 non‘
1075 1742 1304 1803 contra
1363 1742 1804 1804 accusatorem
1867 1742 2078 1822 tuum,
2143 1738 2255 1803 sed

231 1830 464 1893 contra
510 1830 920 1909 quaestorem
967 1830 1411 1909 sectoremque
1457 1826 1792 1911 pugnare?
1875 1824 2016 1899 Qua
2062 1826 2138 1889 de
2185 1845 2256 1889 re

234 1913 691 1979 Charidemum
737 1912 972 1979 Chium
1015 1914 1465 1978 testimonium
1501 1914 1718 1998 priore
1756 1912 2008 1983 actione
2048 1911 2255 1977 dicere

145 2030 206 2072 20
234 2001 526 2086 audistis,
564 2023 721 2087 sese,
758 2024 904 2068 cum
943 2005 1116 2067 esset
1151 2000 1549 2067 trierarchus
1587 2006 1653 2065 et
1680 1999 1951 2065 Verrem
1988 2021 2066 2064 ex
2094 1999 2257 2065 Asia
2354 2014 2359 2021 ’

234 2091 644 2157 decedentem
691 2094 1190 2174 prosequeretur
1226 2090 1408 2154 iussu
1442 2089 1845 2170 Dolabellae,
1889 2087 2090 2153 fuisse
2125 2111 2257 2153 una

232 2202 377 2245 cum
441 2180 570 2245 isto
638 2176 842 2262 Sami,
915 2200 1182 2262 seseque
1245 2183 1387 2243 tum
1452 2178 1615 2244 scire
1688 2176 2041 2263 spoliatum
2115 2197 2255 2242 esse

230 2268 455 2334 fanum
489 2267 757 2332 Iunonis
804 2271 872 2331 et
916 2267 1228 2352 oppidum
1266 2264 1560 2350 Samum3
1604 2270 1959 2351 posteaque
2006 2287 2074 2330 se
2112 2287 2255 2331 cau·

234 2378 374 2421 sam
420 2355 593 2441 apud
621 2354 818 2420 Chios
857 2355 1029 2420 cives
1068 2376 1220 2419 suos
1249 2352 1487 2420 Samiis
1517 2354 1968 2421 accusantibus
1997 2355 2255 2439 publice

147 2468 206 2510 25
234 2444 487 2529 dixisse,
532 2465 737 2528 eoque
774 2465 843 2507 se
881 2464 1022 2507 esse
1060 2443 1453 2526 absolutum,
1492 2444 1663 2527 quod
1697 2444 1966 2528 planum
1992 2442 2258 2509 fecisset
2339 2468 2345 2472 ⁹

233 2554 335 2615 ea,
391 2554 554 2616 quae
609 2532 815 2617 legati
861 2527 1228 2596 Samiorum
1275 2531 1587 2616 dicerent,
1643 2531 1725 2596 ad
1769 2530 2070 2614 Verrem,
2122 2553 2257 2596 non

232 2620 315 2684 ad
361 2641 429 2684 se
474 2620 816 2704 pertinere.
1462 2642 1465 2645 “
1986 2663 1991 2669 -

368 2706 744 2789 Aspendum
790 2711 977 2773 vetus
1025 2707 1335 2791 oppidum
1382 2709 1448 2771 et
1491 2707 1710 2772 nobile
1754 2707 1826 2772 in
1860 2706 2254 2791 Pamphylia
2294 2721 2360 2770 53

234 2793 417 2858 scitis
474 2815 639 2878 esse,
695 2794 1148 2881 plenissimum
1204 2795 1541 2881 signorum
1595 2795 2008 2879 optimorum.
2106 2793 2258 2857 Non

145 2910 204 2950 so
233 2882 444 2949 dicam
499 2882 677 2949 illinc
728 2884 854 2949 hoc
910 2883 1171 2968 signum
1227 2883 1526 2948 ablatum
1582 2904 1720 2946 esse
1778 2886 1843 2947 et
1888 2881 2078 2962 illud,
2133 2880 2258 2946 hoc

232 2971 401 3054 dico,
453 2972 711 3037 nulltrm
764 2975 831 3036 te
886 2971 1180 3055 Aspendi
1236 2971 1524 3056 signum,
1578 2968 1815 3036 Verres
1825 3020 1844 3053 ,
1898 2968 2257 3051 reliquisse,

230 3060 449 3124 omnia
505 3081 582 3125 ex
626 3059 825 3142 fanis,
885 3080 963 3123 ex
1009 3059 1170 3124 locis
1217 3058 1497 3144 publicis
1542 3057 1764 3142 palam
1811 3045 2255 3142 spect'antibus

228 3148 530 3213 omnibus
586 3147 903 3232 plaustris
963 3150 1185 3212 evecta
1248 3149 1717 3247 exportataque
1782 3165 1937 3210 esse.
2037 3144 2256 3227 Atque

228 3236 428 3301 etiam
492 3237 683 3301 illum
748 3234 1152 3320 Aspendium
1216 3233 1654 3316 citharistam,
1728 3232 1806 3298 de
1870 3254 1997 3316 quo
2065 3253 2257 3316 saepe

144 3347 201 3388 35
230 3325 503 3388 audistis
550 3323 637 3407 id,
683 3322 855 3406 quod
901 3326 1002 3387 est
1049 3321 1314 3387 Graecis
1359 3321 1732 3386 hominibus
1777 3321 1849 3384 in
1892 3320 2299 3404 proverbio„

153 3446 159 3451 ·
231 3431 420 3493 quem
469 3411 690 3478 omnia
734 3411 910 3475 intus
958 3433 1185 3476 canere
1233 3409 1553 3494 dicebant,
1600 3409 1867 3474 sustulit
1905 3412 1972 3474 et
2005 3409 2076 3474 in
2109 3408 2259 3474 inti-

228 3499 354 3562 mis
410 3501 545 3564 suis
602 3499 869 3565 aedibus
924 3499 1172 3583 posuit,
1236 3502 1313 3564 ut
1367 3497 1563 3563 etiam
1618 3497 1808 3563 illum
1861 3498 2079 3582 ipsum
2137 3519 2258 3564 suo
