2566 4016
306 451 373 500 59

309 1507 376 1556 60

310 2107 394 2171 27

312 2739 378 2789 61

410 204 540 270 388
1009 203 1089 258 IN
1127 204 1185 260 O.
1215 203 1524 259 VERREM
1559 203 1717 259 ACT.
1753 204 1822 260 H.

408 371 554 416 rare
607 349 952 415 videretur.
1030 348 1234 414 Nulla
1283 348 1513 414 domus
1557 349 1628 413 in
1672 345 1896 414 Sicilia
1939 347 2222 434 locuples
2262 346 2388 429 fuit,

410 437 524 502 ubi
574 438 700 502 iste
752 459 887 503 non
939 438 1296 502 textrinum
1340 436 1718 502 instituerit.
1806 436 2045 502 Mulier
2087 440 2187 501 est
2228 433 2391 521 Sege-

411 530 601 592 stana
628 526 922 611 perdives
951 529 1019 591 et
1041 525 1304 608 nobilis,
1338 524 1569 590 Lamia
1594 525 1881 609 nomine3
1917 546 2035 610 per
2069 524 2391 589 triennium

409 615 524 680 isti
579 616 774 699 plena
827 614 1019 679 domo
1073 614 1355 679 telarum
1408 614 1774 698 stragulam
1827 617 2077 678 vestem
2131 611 2393 693 confecit,

408 703 577 769 nihil
602 703 732 767 nisi
768 702 1104 786 conchylio
1140 702 1438 785 tinctum,
1465 700 1754 785 Attalus,
1789 702 1987 766 homo
2024 701 2428 785 pecuniosus,⁶

410 790 594 874 Neti,
673 790 844 875 Lyso
925 789 1246 875 Lilybaei,
1330 752 1660 855 Critolaus
1730 791 2010 874 Aetnae,
2092 787 2394 873 Syracusis

411 841 746 961 Aeschri0‚
779 877 1175 962 Cleomenes,
1210 877 1707 961 Theomnastus,
1743 876 1976 942 Helori
2001 876 2395 943 Archonidas.

411 966 568 1031 Dies
607 987 710 1030 me
748 966 938 1031 citius
977 965 1281 1031 defecerit
1327 987 1545 1067 quam·
1567 966 1853 1030 nomina.
1906 1001 1985 1013 —-
2032 964 2183 1052 Ipse
2228 964 2397 1028 dabat

410 1076 785 1140 purpuram,
820 1059 1079 1125 tantum
1117 1075 1405 1155 operam
1419 1054 1628 1119 amici.
1678 1090 1755 1101 —
1807 1052 2043 1137 Credo3
2088 1054 2221 1119 iam
2255 1051 2398 1116 enim

410 1164 545 1207 non
597 1142 802 1207 libet·
797 1142 1035 1208 omnia
1079 1142 1435 1226 criminari3
1492 1142 1679 1226 quasi
1722 1164 1874 1206 vero
1921 1142 2047 1208 hoc
2093 1142 2252 1206 mihi
2290 1159 2400 1203 non
2417 1154 2445 1195 ιο

413 1231 576 1296 satis
615 1231 702 1296 sit
738 1231 821 1295 ad
857 1231 1119 1314 crimen,
1154 1230 1463 1295 habuisse
1500 1235 1636 1295 tam
1673 1231 1972 1314 multum,
2020 1231 2194 1314 quod
2230 1230 2401 1308 daret,

412 1319 697 1384 voluisse
736 1319 1078 1404 deportare
1114 1323 1254 1383 tam
1291 1319 1519 1402 multa,
1561 1319 1687 1384 hoc
1730 1318 2022 1403 denique,
2070 1317 2241 1402 quod
2282 1336 2399 1381 con-

413 1405 607 1488 cedit,
672 1407 1029 1471 amicorum
1092 1407 1308 1491 operis
1371 1427 1513 1471 esse
1564 1406 1635 1470 ιιι
1686 1406 1951 1471 huiusce
2003 1406 2187 1471 modi
2237 1405 2399 1469 rebus

411 1514 619 1557 usum.
707 1492 850 1566 Iam
902 1515 1056 1559 vero
1110 1495 1314 1559 lectos
1369 1497 1625 1560 aeratos
1681 1498 1749 1560 et
1797 1494 2192 1560 candelabra
2234 1498 2401 1558 aenea

410 1602 569 1644 num
615 1581 718 1645 cui
761 1584 1021 1664 praeter
1064 1581 1266 1646 istum
1313 1579 1650 1666 Syracusis
1694 1604 1811 1667 per
1854 1583 2211 1647 triennium
2255 1581 2400 1645 faeta
2418 1592 2445 1632 1⁵

413 1689 555 1733 esse
600 1667 1032 1734 existimatis?
1095 1706 1169 1717 --
1227 1669 1527 1735 Emebat.
1581 1707 1671 1720 -
1724 1669 1959 1754 Gredo3
2015 1671 2133 1736 sed
2176 1673 2399 1736 tantum

411 1777 530 1822 vos
595 1758 931 1841 certiores,
994 1757 1262 1841 iudices,
1324 1757 1522 1841 facio,
1588 1759 1741 1842 quid
1794 1758 1920 1823 iste
1973 1759 2047 1824 in
2101 1754 2402 1845 provincia

411 1848 677 1930 praetor
734 1845 967 1931 egerit,
1019 1867 1102 1911 ne
1147 1846 1251 1911 cui
1295 1847 1465 1912 forte
1510 1848 1865 1932 neglegens
1907 1847 2189 1913 nimium
2233 1845 2400 1909 fuisse

413 1933 712 1998 videatur
771 1955 979 2018 neque
1044 1956 1114 1998 se
1178 1935 1367 2021 satis,
1439 1955 1585 2001 cum
1648 1933 2045 2021 potestatem
2113 1930 2403 2012 habuerit,

414 2021 802 2088 instruxisse
849 2027 917 2088 et
961 2044 1245 2089 ornasse.
2415 2031 2442 2070 ³⁰

549 2111 758 2176 Venio
794 2133 964 2176 nunc
998 2133 1134 2175 non
1167 2112 1302 2176 iam
1339 2109 1421 2176 ad
1455 2111 1721 2194 furtum,
1768 2133 1899 2176 non
1937 2111 2020 2176 ad
2067 2110 2400 2188 avaritiam,

412 2218 548 2263 non
582 2198 666 2263 ad
705 2199 1144 2283 cupiditatem,
1190 2199 1304 2264 sed
1341 2199 1423 2264 ad
1468 2200 1603 2263 eius
1651 2198 1826 2264 modi
1868 2199 2146 2284 facinus,
2192 2201 2262 2264 ιιι
2302 2215 2399 2280 quo

416 2286 636 2351 omnia
687 2286 938 2350 nefaria
992 2286 1311 2350 contineri
1364 2286 1528 2350 mihi
1573 2291 1768 2371 atque
1812 2288 2026 2352 inesse
2071 2289 2399 2364 videantur,

414 2373 484 2436 in
541 2394 667 2455 quo
723 2373 789 2437 di
833 2373 1238 2438 immortales
1285 2374 1541 2457 violati,
1598 2375 1995 2440 existimatio
2044 2380 2248 2460 atque
2289 2392 2400 2438 auc·

414 2460 650 2524 toritas
713 2461 994 2525 nominis
1045 2461 1273 2545 populi
1326 2459 1605 2527 Romani
1656 2463 2004 2546 inminuta,
2069 2462 2398 2559 hospitium
2413 2465 2437 2508 ὅ

416 2547 771 2632 spoliatum
799 2570 874 2613 ac
901 2549 1249 2650 proditum,
1286 2550 1640 2615 abalienati
1668 2552 1907 2616 scelere
1933 2552 2131 2617 istius
2171 2575 2213 2616 a
2245 2546 2402 2615 nobis

416 2657 638 2701 omnes
693 2656 880 2722 reges
938 2637 1317 2702 amicissimi
1366 2639 1822 2723 nationesque,
1879 2661 2043 2723 quae
2088 2641 2168 2704 ιιι
2213 2654 2400 2704 eorum

416 2746 619 2810 regno
693 2747 767 2790 ac
840 2725 1089 2790 dicione
1161 2730 1332 2791 sunt.
1428 2725 1604 2791 Nam
1673 2749 1860 2813 reges
1928 2726 2189 2811 Syriae,
2260 2721 2402 2818 regii}

415 2813 725 2878 Antiochi
759 2813 932 2878 filios
976 2834 1231 2900 pueros,
1279 2814 1460 2880 scitis
1497 2814 1744 2880 Romae
1789 2837 1996 2900 nuper
2038 2815 2400 2897 fuisse3qu1

414 2905 726 2966 venerant
786 2923 917 2966 non
979 2906 1248 2987 propter
1304 2900 1529 2986 Syriae
1592 2924 1867 2990 regnum
1913 2902 2098 2988 (nam
2165 2903 2239 2967 id
2297 2899 2443 2965 sine*

416 2989 859 3055 controversia
912 2990 1326 3075 obtinebant,
1389 2994 1464 3055 ut
1523 3013 1582 3055 a
1615 2995 1803 3075 patre
1859 2995 1927 3055 et
1978 3013 2019 3055 a
2073 2988 2402 3056 maioribus

416 3075 852 3163 acceperant)3
890 3078 1002 3143 sed
1041 3098 1316 3163 regnum
1337 3077 1627 3163 Aegypti
1673 3079 1755 3144 ad
1801 3101 1871 3145 se
1916 3082 1983 3144 et
2028 3080 2117 3144 ad
2146 3077 2405 3152 Selenen,

415 3168 694 3230 matrem
731 3186 934 3248 suam,
973 3166 1298 3251 pertinere
1335 3167 1844 3232 arbitrabantur.
1906 3167 1966 3232 Ii
1999 3171 2404 3251 posteaquam

415 3253 818 3335 temporibus
881 3253 978 3318 rei
1038 3254 1336 3338 publicae
1392 3255 1635 3319 exclusi
1688 3277 1806 3340 per
1861 3259 2171 3321 senatum
2229 3267 2405 3340 augum,

419 3359 580 3418 quae
625 3340 985 3423 voluerant,
1029 3362 1162 3406 non
1204 3346 1577 3427 potuerunt,
1621 3343 1693 3407 ιιι
1736 3340 1993 3427 Syriam
2036 3343 2114 3408 in
2164 3356 2405 3430 regnum
2421 3342 2445 3385 ¹⁵

416 3424 700 3502 patrium
754 3427 1031 3525 profecti
1085 3433 1254 3494 sunt.
1342 3430 1591 3498 Eorum
1647 3432 1842 3517 alter,
1899 3432 2010 3518 qui
2063 3428 2404 3497 Antiochus

417 3512 711 3590 vocatur,
772 3512 898 3576 iter
959 3537 1076 3599 per
1130 3514 1421 3583 Siciliam
1481 3518 1695 3585 facere
1757 3483 1968 3585 vo'luit
2020 3519 2260 3605 itaque
2307 3517 2406 3580 isto
