2566 4016
361 249 491 314 262
975 245 1054 299 IN
1092 245 1150 300 C.
1179 243 1488 299 VERREM
1524 243 1679 299 ACT.
1719 243 1784 298 Π.

360 394 431 458 in
454 412 599 458 eam
620 390 755 456 iam
776 392 1043 455 venerat
1069 388 1642 470 [familiaritatem]
1667 387 2372 473 consuetudinem[que]

361 481 432 545 in
466 479 817 546 vendendis
855 478 1047 543 istius
1085 477 1361 543 decretis
1404 480 1470 541 et
1513 475 1768 541 iudiciis
1813 476 2377 562 transigendisque

359 568 673 656 negotiiS,
744 571 818 632 ut
887 587 1091 652 prope
1165 566 1332 630 alter
1396 564 1838 630 Timarchides
1908 569 2378 649 numeraretur;

260 669 361 720 170
398 658 522 722 hoc
559 660 701 722 erat
737 655 936 720 etiam
971 654 1333 740 capitalior,
1370 653 1543 739 quod
1577 652 1749 717 idem
1784 652 2091 737 pecunias
2127 653 2228 737 iis,
2274 653 2380 739 qui

363 746 447 811 ab
484 744 630 809 isto.
654 743 901 827 aliquid
936 742 1410 825 mercabantur,
1450 741 1701 806 faenori
1738 741 1955 806 dabat.
2025 741 2129 808 Ea
2165 746 2379 809 autem
2402 756 2425 798 ⁵

361 832 716 898 faeneratio
770 834 910 895 erat
962 831 1098 895 eius
1143 829 1348 913 modi,
1402 828 1671 912 iudices,
1725 833 1801 894 ut
1846 829 2047 894 etiam
2091 829 2148 895 is
2196 851 2380 915 quae-

365 925 506 986 stus
543 920 697 984 huic
741 919 1022 1002 cederet;
1067 939 1247 1001 nam,
1295 937 1456 1002 quas
1502 917 1811 1003 pecunias
1855 917 2111 983 ferebat
2154 917 2238 982 iis
2286 939 2381 984 ex-

363 1029 617 1093 pensas,
665 1008 1046 1092 quibuscum
1083 1006 1532 1090 contrahebat,
1577 1026 1688 1071 eas
1736 1009 1849 1070 aut
1895 1006 2147 1071 scribae
2192 1005 2381 1072 istius

366 1099 480 1161 aut
516 1095 914 1161 Timarchidi
959 1098 1073 1159 aut
1119 1094 1319 1159 etiam
1364 1093 1478 1158 isti
1520 1093 1652 1179 ipsi
1696 1092 2021 1159 referebat
2068 1099 2383 1178 acceptas.
2399 1128 2412 1139 -

362 1183 546 1250 Idem
580 1188 916 1270 praeterea
954 1183 1259 1267 pecunias
1297 1182 1487 1248 istius
1525 1181 2075 1248 extraordinarias
2118 1183 2381 1268 grandis
2410 1198 2451 1238 10

262 1284 362 1334 171
402 1294 517 1338 suo
572 1272 834 1337 nomine
884 1271 1362 1337 faenerabatur.
1451 1269 1577 1335 Hic
1633 1270 1899 1355 [primo]
1948 1268 2385 1356 Carpinatius,

364 1364 518 1425 ante
555 1382 750 1444 quam
784 1359 855 1424 in
891 1359 1082 1425 istius
1117 1359 1638 1425 familiaritatem
1673 1362 1929 1424 tantam
1964 1359 2385 1443 pervenisset,

365 1448 756 1530 aliquotiens
793 1447 876 1512 ad
913 1448 1121 1513 socios
1159 1447 1416 1513 litteras
1455 1446 1534 1511 de
1568 1446 1760 1511 istius
1797 1446 2052 1512 iniuriis
2089 1448 2384 1531 miserat3

365 1532 712 1599 Canuleius
759 1555 940 1618 vero,
991 1535 1103 1619 qui
1146 1535 1217 1599 in
1259 1538 1458 1620 portu
1502 1532 1841 1619 Syracusis
1887 1556 2120 1620 operas
2165 1535 2384 1620 dabat,

361 1622 542 1687 furta
612 1643 864 1707 quoque
925 1622 1117 1688 istius
1180 1623 1509 1707 permulta
1568 1623 1961 1688 nominatim
2025 1623 2107 1688 ad
2171 1625 2383 1691 socios
2409 1637 2451 1679 ¹⁵

362 1710 848 1796 perscripserat,
885 1731 962 1776 ea
989 1732 1153 1796 quae
1183 1711 1321 1775 sine
1356 1711 1650 1795 portorio
1680 1709 2018 1796 Syracusis
2056 1717 2250 1778 erant
2287 1735 2383 1777 ex-

409 1803 653 1883 ortata3
761 1801 1024 1877 portum
1082 1803 1300 1864 autem
1329 1803 1397 1864 et
1424 1798 1817 1884 scripturam
1847 1800 2070 1864 eadem
2103 1801 2382 1866 societas

359 1824 666 1953 babebat.
757 1887 863 1953 Ita
918 1888 1165 1953 factum
1220 1891 1347 1970 est,
1412 1891 1486 1953 ut
1537 1891 1756 1955 essent
1799 1888 2153 1973 permulta,
2220 1910 2383 1973 quae

362 1996 439 2042 ex
497 1976 827 2043 societatis
881 1976 1120 2043 litteris
1176 1975 1385 2042 dicere
1430 1975 1500 2040 in
1542 1975 1743 2041 istum
1791 1980 1857 2042 et
1901 1975 2192 2062 proferre
2243 1998 2384 2064 pos·

258 2076 359 2134 1512
398 2086 631 2131 semus.
712 2064 957 2130 Verum
1003 2065 1253 2148 accidit,
1298 2067 1374 2130 ut
1420 2063 1853 2149 Carpinatius,
1900 2064 2012 2150 qui
2055 2065 2190 2130 iam
2242 2087 2383 2133 cum
2406 2078 2446 2118 2⁰

360 2154 490 2218 isto
529 2175 784 2218 summa
820 2153 1299 2236 consuetudine,
1342 2156 1683 2237 praeterea
1716 2174 1787 2217 re
1825 2174 1902 2218 ac
1936 2153 2192 2219 ratione
2244 2176 2383 2222 con-

358 2242 615 2307 iunctus
678 2244 877 2323 esset,
940 2240 1199 2305 crebras
1262 2244 1497 2324 postea
1557 2240 1815 2306 litteras
1879 2240 1963 2306 ad
2026 2240 2244 2308 socios
2312 2242 2384 2306 de

358 2329 550 2392 istius
589 2326 859 2392 summis
897 2326 1130 2392 officiis
1175 2327 1246 2391 in
1289 2348 1427 2392 rem
1473 2350 1878 2394 communem
1925 2329 2382 2415 beneficiisque

357 2416 668 2480 mitteret.
741 2413 1005 2480 Etenim
1044 2437 1189 2480 cum
1225 2415 1353 2480 iste
1391 2416 1627 2502 omnia,
1673 2439 2114 2501 quaecumque
2158 2416 2383 2503 Carpi-

220 2578 223 2582 <
356 2502 575 2567 natius
631 2503 1039 2588 postulabat,
1101 2503 1314 2569 facere
1369 2526 1445 2571 ac
1498 2504 1837 2571 decernere
1893 2506 2175 2590 solebat,
2245 2512 2381 2572 tum
2402 2515 2441 2557 2⁵

357 2591 473 2655 ille
509 2590 710 2656 etiam
743 2591 936 2677 plura
982 2590 1312 2657 scribebat
1357 2592 1439 2658 ad
1485 2593 1714 2677 socios,
1758 2597 1851 2677 ut,
1896 2593 1955 2659 si
1997 2599 2249 2680 posset,
2295 2616 2382 2676 ea,

358 2700 524 2764 quae
553 2684 747 2745 antea
773 2680 1142 2764 scripserat,
1172 2681 1369 2765 plane
1397 2681 1821 2768 extingueret.
1885 2681 1992 2747 Ad
2018 2685 2380 2749 extremum

355 2788 538 2852 vero,
595 2789 742 2833 cum
793 2767 922 2833 iste
975 2769 1107 2833 iam
1160 2768 1533 2851 decedebat,
1588 2770 1724 2834 eius
1770 2769 1949 2834 modi
1992 2771 2258 2837 litteras
2306 2768 2384 2837 ad

357 2877 467 2921 eos
496 2855 704 2921 misit:
741 2859 817 2921 ut
843 2856 993 2922 huic
1024 2856 1399 2941 frequentes
1436 2857 1700 2922 obviam
1734 2858 2090 2942 prodirent,
2127 2859 2381 2944 gratias

356 2948 644 3031 agerent,
679 2943 969 3011 facturos
1009 2966 1094 3028 se,
1132 2944 1190 3008 si
1228 2944 1383 3029 quid
1418 2945 1822 3031 imperasset,
1860 2946 2148 3013 studiose
2184 2947 2383 3034 polli-
2405 2956 2444 2999 ³⁰

353 3037 679 3116 cerentur3
734 3033 954 3117 itaque
1009 3032 1170 3098 socii
1215 3032 1509 3099 fecerunt
1553 3038 1771 3100 vetere
1815 3035 2121 3101 instituto
2164 3036 2383 3120 publi-

352 3143 680 3205 canorum,
725 3143 858 3189 n.on
896 3142 1022 3205 quo
1067 3121 1270 3186 istum
1316 3122 1449 3187 ullo
1496 3123 1743 3188 honore
1789 3123 2056 3209 dignum
2102 3124 2383 3190 arbitra·

351 3213 603 3293 rentur,
659 3209 771 3274 sed
828 3208 999 3293 quod
1050 3230 1168 3274 sua
1212 3209 1526 3275 interesse
1571 3212 1895 3296 putabant
1941 3233 2009 3277 se
2055 3232 2381 3278 memores

352 3301 707 3381 gratosque
736 3296 1114 3381 existimari,
1150 3297 1400 3384 gratias
1437 3298 1552 3363 isti
1589 3303 1888 3386 egerunt3
1923 3297 2384 3386 Carpinatium

248 3437 285 3499 7
298 3439 329 3501 l
355 3403 547 3467 saepe
603 3385 684 3449 ad
740 3405 809 3449 se
861 3384 938 3450 de
985 3385 1122 3451 eius
1170 3385 1401 3451 officiis
1448 3387 1706 3452 litteras
1751 3388 2009 3453 misisse
2054 3388 2381 3454 dixerunt.
2405 3398 2445 3441 ³⁵

248 3512 349 3562 173
388 3467 522 3534 Iste
551 3492 697 3535 cum
732 3473 1174 3557 respondisset
1211 3497 1290 3540 ea
1327 3496 1395 3539 se
1432 3475 1713 3541 libenter
1745 3475 1976 3543 fecisse
2015 3497 2382 3562 operasque

353 3551 693 3638 Carpinati
728 3580 1123 3644 magnopere
1160 3562 1510 3647 laudasset,
1559 3564 1672 3629 dat
1709 3564 1917 3631 amico
1955 3587 2071 3630 suo
2113 3565 2385 3631 cuidam
