2566 4016
674 164 814 228 LIB.>
838 166 889 219 V
952 165 1103 220 CAP.
1141 172 1349 221 49—51
1388 173 1420 232 ἓ
1459 173 1752 222 128-133.
2091 169 2223 236 4ΊΊ

214 309 454 374 crimen
509 313 777 374 conetur
823 307 1194 391 defendere,
1248 309 1306 373 is
1360 310 1457 374 ita
1507 309 1834 394 defendat,
1887 313 2008 378 illa
2052 336 2222 380 com-

214 397 452 480 munia,
498 418 661 480 quae
699 397 780 463 ad
816 417 1079 463 causam
1122 396 1289 461 nihil
1333 397 1677 482 pertinent,
1722 402 2223 486 praetermittat,

213 506 317 549 me
371 485 598 569 culpae
650 484 982 550 fortunam
1038 483 1408 569 adsignare,
1471 486 1915 551 calamitatem
1970 489 2224 554 crimini

215 572 392 656 dare,
421 578 551 640 ‘me
598 573 1013 638 amiSsionem
1058 573 1288 638 classis
1336 572 1614 656 obicere,
1669 596 1816 639 cum
1862 575 2055 640 multi
2099 577 2225 641 viri

159 679 186 721 ⁵
212 659 415 725 fortes
470 661 540 724 in
593 661 919 726 communi
971 660 1346 745 incertoque
1399 661 1685 744 periculo
1734 662 1892 727 belli
1938 667 2006 728 et
2048 667 2225 729 terra

214 751 280 812 et
334 748 500 813 mari
547 770 737 834 saepe
790 747 1199 814 offenderint.
1277 747 1551 814 Nullam
1594 749 1720 814 tibi
1766 750 1975 816 obicio
2021 750 2225 816 fortu-

211 854 391 920 nam,
443 836 609 901 nihil
665 840 791 922 est,
846 837 1018 920 quod
1073 840 1436 902 ceterorum
1480 859 1583 902 res
1629 837 1842 906 minus
1890 839 2223 905 commode

214 928 431 1009 gestas
487 924 809 1010 profetae,
861 924 1028 989 nihil
1079 930 1207 1009 est,
1261 925 1435 1010 quod
1480 927 1835 991 multorum
1877 927 2225 1014 naufragia

211 1010 512 1077 fortunae
540 1013 829 1097 colligas.
892 1012 1038 1098 Ego
1065 1013 1251 1079 navis
1278 1013 1490 1078 inanis
1518 1013 1718 1079 fuisse
1748 1014 1908 1099 dico,
1943 1017 2223 1102 remiges

134 1119 187 1160 ιο
210 1103 571 1182 nautasque
623 1100 951 1183 dimissos,
1003 1101 1291 1185 reliquos
1337 1102 1651 1187 stirpibus
1698 1102 1935 1167 vixisse
1979 1105 2224 1187 palma-

213 1207 384 1269 rum3
439 1186 796 1272 praefuisse
852 1188 1046 1253 classi
1099 1189 1328 1272 populi
1380 1189 1661 1255 Romani
1715 1188 2032 1275 Siculum,
2083 1214 2224 1276 per-

211 1277 409 1358 petuo
439 1274 630 1339 sociis
659 1279 852 1358 atque
880 1275 1103 1340 amicis
1133 1274 1637 1361 Syracusanum3
1674 1281 1741 1355 te
1776 1278 1894 1344 illo
1931 1282 2224 1363 tempore

212 1361 355 1446 ipso
421 1361 986 1447 superioribusque
1051 1363 1275 1428 diebus
1341 1365 1638 1431 omnibus
1701 1366 1772 1430 in
1828 1366 2021 1432 litore
2078 1389 2224 1433 cum

212 1449 610 1516 mulierculis
673 1454 1054 1536 perpotasse
1118 1451 1287 1536 dico;
1358 1453 1593 1519 harum
1654 1476 1870 1519 rerum
1933 1456 2224 1520 omnium

134 1556 183 1599 15
213 1541 507 1611 auctores
561 1542 891 1623 testesque
944 1539 1246 1624 produco,
1339 1540 1516 1606 Num
1569 1541 1694 1606 tibi
1747 1542 2062 1609 insultare
2117 1545 2188 1608 in
2230 1557 2328 1608 132

211 1626 611 1711 calamitate,
662 1649 820 1693 num
866 1627 1297 1694 intercludere
1312 1660 1323 1675 ·
1340 1629 1642 1714 perfugia
1684 1629 2013 1715 fortunae,
2063 1655 2223 1697 num

211 1710 400 1779 casus
434 1715 703 1780 bellicos
741 1716 1129 1801 exprobrare
1176 1719 1290 1781 aut
1337 1716 1590 1781 obicere
1635 1716 1901 1782 videor?
1957 1720 2223 1784 tametsi

212 1801 426 1866 solent
478 1801 527 1865 ii
577 1801 910 1868 fortunam
964 1804 1091 1868 sibi
1146 1803 1316 1869 obici
1368 1804 1573 1888 nolle,
1638 1804 1748 1887 qui
1803 1827 1872 1869 se
1920 1805 2222 1872 fortunae

212 1888 699 1972 commiserunt,
754 1890 864 1973 qui
917 1890 986 1954 in
1041 1890 1176 1955 eius
1230 1891 1535 1974 periculis
1586 1896 1740 1957 sunt
1785 1914 1860 1957 ac
1905 1894 2222 1960 varietate

127 1997 183 2046 20
211 1977 471 2043 versati.
543 1976 744 2043 Istius
782 1977 1041 2061 quidem
1078 1978 1473 2044 calamitatis
1516 1983 1667 2046 tuae
1711 1979 1979 2047 fortuna
2022 1984 2224 2068 parti-

211 2087 360 2149 ceps
397 2088 530 2131 non
564 2066 708 2131 fuit.
779 2064 1095 2131 Homines
1134 2067 1305 2131 enim
1341 2067 1412 2131 in
1454 2067 1739 2151 proeliis,
1784 2090 1914 2134 non
1958 2071 2028 2136 in
2073 2093 2219 2137 con·

209 2154 399 2219 viviis
446 2154 606 2219 belli
649 2154 982 2220 fortunam
1025 2154 1384 2240 periclitari
1431 2156 1671 2239 solent3
1725 2155 1794 2221 in
1837 2158 1958 2222 illa
2003 2163 2221 2224 autem

210 2242 585 2307 calamitate
612 2264 745 2308 non
770 2241 1049 2307 Martem
1077 2242 1277 2307 fuisse
1307 2265 1732 2327 communem,
1769 2245 1883 2310 sed
1898 2245 2219 2312 Venerem

208 2351 554 2415 possumus
628 2330 852 2396 dicere.
961 2328 1205 2406 Quodsi
1273 2330 1605 2397 fortunam
1667 2332 1792 2397 tibi
1846 2333 2026 2400 obici
2087 2356 2219 2401 non

122 2436 179 2479 85
210 2422 494 2503 oportet,
550 2441 663 2486 cur
707 2424 781 2484 tu
825 2418 1125 2485 fortunae
1169 2420 1433 2485 illorum
1476 2420 1917 2486 innocentium
1962 2423 2219 2489 veniam

210 2528 284 2571 ac
342 2507 556 2572 locum
608 2529 742 2573 non
788 2506 1064 2572 dedisti?
1154 2506 1377 2573 Etiam
1421 2508 1586 2574 illud
1629 2510 1964 2593 praecidas
2010 2511 2180 2595 licet,
2220 2525 2322 2575 133

207 2598 302 2677 te,
349 2595 519 2678 quod
565 2595 954 2681 supplicium
999 2605 1179 2661 m'ore
1225 2596 1544 2662 maiorum
1591 2599 1942 2682 sumpseris
1989 2600 2218 2664 securi·

210 2701 333 2763 que
360 2683 769 2766 percusseris,
804 2682 1040 2748 idcirco
1070 2707 1111 2748 a
1137 2685 1338 2750 mein
1365 2683 1608 2750 crimen
1644 2689 1711 2749 et
1749 2686 1869 2765 [in]
1908 2686 2218 2752 invidiam

209 2768 445 2832 vocari.
525 2768 676 2834 Non
714 2770 785 2833 in
830 2772 1145 2855 supplicio
1193 2772 1438 2836 crimen
1481 2794 1697 2837 meum
1742 2773 2043 2856 vertitur3
2086 2795 2220 2839 non

120 2874 180 2917 30
209 2875 333 2940 ego
399 2855 607 2920 securi
666 2876 834 2941 nego
902 2878 1291 2941 quemquam
1351 2858 1532 2922 feriri
1588 2858 1846 2944 debere,
1908 2882 2042 2926 non
2093 2883 2216 2948 ego

208 2946 454 3008 metum
508 2964 585 3008 ex
639 2965 709 3008 re
766 2943 1063 3027 militari,
1115 2966 1246 3011 non
1292 2946 1706 3012 severitatem
1749 2947 2032 3033 imperii,
2085 2972 2219 3016 non

204 3052 484 3116 poenam
538 3031 774 3117 flagitii
827 3032 976 3096 tolli
1022 3031 1162 3098 dico
1211 3036 1538 3118 oportere3
1591 3034 1802 3099 fateor
1845 3057 1977 3101 non
2022 3037 2215 3104 modo

203 3120 277 3184 in
329 3119 564 3204 socios,
619 3119 732 3184 sed
788 3120 986 3194 etiam
1039 3120 1110 3185 in
1154 3121 1312 3187 civis
1359 3117 1727 3206 militesque
1773 3128 2032 3190 nostros
2077 3147 2216 3210 per-

206 3230 396 3293 saepe
453 3229 593 3273 esse
647 3230 865 3273 severe
921 3230 995 3273 ac
1040 3209 1454 3274 vehementer
1499 3210 1911 3277 vindicatum.
2002 3211 2213 3289 Quare
2233 3220 2312 3286 51

113 3314 174 3357 ss
204 3295 363 3363 haec
401 3317 656 3381 quoque
691 3297 1177 3379 praetermittas
1224 3297 1392 3363 licet.
1470 3298 1619 3385 Ego
1665 3299 1925 3385 culpam
1968 3323 2101 3369 non
2144 3303 2215 3367 in

203 3385 573 3468 nauarchis,
630 3385 742 3450 sed
795 3386 864 3450 in
916 3389 982 3450 te
1035 3385 1235 3451 fuisse
1292 3386 1692 3473 demonstro,
1747 3392 1815 3453 te
1861 3390 2086 3475 pretio·
2119 3413 2212 3457 re-

203 3471 411 3556 miges
450 3473 819 3558 militesque
859 3473 1180 3539 dimisisse
1227 3495 1451 3561 arguo,
1523 3475 1667 3543 Hoc
1710 3478 2023 3545 nauarchi
2067 3480 2212 3545 reli-
