2566 4016
291 219 375 282 76
616 218 761 273 PRO
800 217 950 274 SEX.
988 215 1249 273 ROSCIO
1288 215 1620 273 AMERINO
1659 215 1946 271 ORATIO.

288 367 432 428 erat
482 384 711 446 resque
765 362 909 445 ipsa
972 361 1273 446 cogebat,
1338 381 1502 425 unus
1563 361 1782 425 omnia
1843 363 2133 444 poterat3
2198 360 2314 445 qui

288 454 715 535 posteaquam
778 449 1204 535 magistratus
1272 449 1517 513 creavit
1580 450 1886 533 legesque
1951 448 2313 531 constituit,

291 560 409 603 sua
435 539 661 622 cuique
688 538 1060 622 procuratio
1091 536 1571 621 auctoritasque
1600 540 1702 600 est
1728 535 2053 601 restituta.
2101 535 2313 613 Quam

292 626 349 690 si
392 626 669 691 retinere
715 626 944 690 volunt
989 625 1064 708 ii,
1121 625 1233 709 qui
1276 624 1748 709 reciperarunt,
1801 624 1871 688 in
1924 627 2311 709 perpetuum

288 716 599 797 poterunt
654 713 975 797 optinere3
1031 712 1136 777 sin
1186 712 1307 777 has
1362 712 1588 777 caedes
1645 714 1711 776 et
1769 711 2032 796 rapinas
2077 715 2143 778 et
2187 713 2311 778 hos
2338 736 2375 777 5>

288 805 512 866 tantos
540 803 805 884 tamque
823 799 1125 885 profusos
1145 804 1444 885 sumptus
1464 804 1578 864 aut
1595 798 1836 865 facient
1856 804 1969 864 aut
1989 801 2312 885 approba-

289 889 456 953 bunt
481 925 569 934 —
594 888 749 953 nolo
776 888 847 951 in
874 910 984 953 eos
1013 888 1276 973 gravius
1307 888 1650 972 quicquam
1677 909 1759 952 ne
1789 887 2021 952 ominis
2052 888 2312 971 quidem

290 996 485 1041 causa
540 975 775 1060 dicere,
828 997 1028 1040 unum
1072 976 1197 1040 hoc
1244 975 1412 1040 dico:
1468 975 1682 1040 nostri
1724 974 1842 1039 isti
1886 975 2138 1041 nobiles
2183 976 2314 1040 nisi

290 1064 638 1149 vigilantes
687 1067 755 1127 et
798 1064 954 1128 boni
1000 1067 1067 1127 et
1109 1062 1314 1127 fortes
1363 1066 1428 1127 et
1473 1062 1919 1128 misericordes
1967 1067 2180 1145 erunt,
2226 1063 2312 1127 iis

290 1152 682 1235 hominibus,
726 1151 796 1216 in
843 1151 1075 1235 quibus
1120 1151 1279 1216 haec
1325 1154 1533 1234 erunt,
1579 1154 1962 1215 ornamenta
2007 1172 2122 1216 sua
2157 1171 2308 1215 con·
2338 1176 2425 1232 ιο,

188 1262 292 1313 140
327 1240 559 1304 cedant
619 1261 878 1304 11000880
934 1243 1051 1304 est.
1144 1239 1554 1323 Quapropter
1608 1238 1906 1304 desinant
1962 1239 2310 1323 aliquando

292 1327 501 1393 dicere
542 1328 714 1392 male
750 1328 1034 1411 aliquem
1070 1327 1362 1392 locutum
1398 1348 1556 1410 esse,
1604 1326 1660 1391 si
1689 1327 1800 1409 qui
1825 1348 1976 1391 vere
2004 1348 2079 1391 ac
2106 1327 2311 1391 libere

291 1416 546 1478 locutus
603 1416 716 1499 sit,
772 1414 1071 1480 desinant
1125 1436 1312 1479 suam
1371 1435 1632 1479 causam
1692 1436 1837 1479 cum
1884 1413 2311 1499 Chrysogono

292 1502 789 1586 communicare,
845 1501 1167 1586 desinant,
1223 1502 1279 1566 si
1332 1501 1446 1565 ille
1499 1504 1713 1567 laesus
1767 1502 1880 1586 sit,
1936 1502 2015 1567 de
2071 1523 2140 1568 se
2197 1502 2312 1568 ali-

294 1589 448 1672 quid
494 1589 856 1654 detractum
902 1589 1228 1672 arbitrari,
1272 1588 1563 1673 videant,
1610 1611 1692 1654 110
1737 1593 1927 1674 turpe
1972 1590 2306 1655 miserum-
2341 1614 2397 1655 15*

294 1698 417 1761 que
490 1677 579 1742 sit
650 1698 786 1761 008,
859 1677 972 1760 qui
1044 1681 1408 1761 equestrem
1481 1677 1892 1761 splendorem
1963 1678 2131 1762 pati,
2177 1699 2311 1742 11011

289 1768 662 1849 potuerunt,
707 1765 879 1831 servi
922 1765 1303 1850 nequissimi
1348 1765 1853 1830 dominationem
1893 1765 2064 1830 ferre
2099 1785 2310 1851 posse.

293 1852 470 1927 Quae
517 1854 775 1938 quidem
820 1853 1205 1938 dominatio,
1258 1853 1529 1937 iudices,
1570 1853 1639 1918 in
1685 1853 1831 1918 aliis
1878 1853 2071 1918 rebus
2118 1855 2312 1919 antea

290 1941 699 2026 versabatur,
759 1963 931 2012 nunc
991 1962 1145 2006 vero
1210 1963 1407 2026 quam
1472 1941 1645 2005 viam
1715 1941 1994 2006 munitet
2058 1943 2125 2005 et
2181 1962 2308 2025 quo

289 2029 415 2095 iter
461 2030 766 2115 adfectet,
825 2031 1082 2114 videtis,
1137 2030 1219 2094 ad
1264 2030 1484 2112 fidem,
1540 2028 1621 2094 ad
1665 2029 1766 2094 ius
1811 2029 2177 2112 iurandum,
2226 2030 2309 2094 ad
2339 2054 2405 2095 110Ἴ

287 2117 527 2183 iudicia
578 2123 823 2202 vestra,
880 2117 961 2182 ad
1014 2118 1107 2200 id,
1163 2117 1337 2201 quod
1391 2118 1603 2181 solum
1657 2139 1861 2202 prope
1918 2118 1988 2181 in
2043 2117 2310 2183 civitate

186 2227 283 2274 141
325 2207 648 2270 sincerum
694 2209 1115 2287 sanctumque
1160 2208 1384 2270 restat.
1447 2203 1654 2269 Hicne
1701 2204 1900 2270 etiam
1938 2226 2077 2270 sese
2118 2209 2313 2290 putat

291 2293 537 2374 aliquid
598 2313 789 2376 posse
854 2289 1360 2376 Chrysogonus?
1430 2291 1537 2357 hic
1605 2292 1802 2358 etiam
1863 2296 2096 2378 potens
2169 2314 2311 2359 esse

288 2379 476 2444 vult?
566 2377 621 2443 Ο
676 2400 814 2443 10111
869 2378 1172 2443 miseram
1229 2384 1425 2463 atque
1482 2380 1807 2445 acerbam!
1898 2379 2125 2464 Neque
2181 2403 2310 2445 me-

287 2466 582 2530 hercules
619 2465 743 2531 hoc
778 2466 1041 2552 indigne
1074 2466 1236 2551 fero,
1283 2468 1456 2551 quod
1491 2489 1733 2552 verear,
1769 2490 1851 2533 ne
1888 2468 2043 2553 quid
2079 2469 2307 2553 possit,
2337 2492 2392 2534 25

194 2562 199 2567 '
286 2575 509 2618 verum
557 2553 728 2637 quod
774 2576 967 2619 ausus
1014 2559 1130 2638 est,
1178 2556 1351 2639 quod
1396 2556 1684 2640 speravit
1729 2576 1869 2620 sese
1915 2557 2088 2641 apud
2141 2557 2308 2622 tales

286 2641 463 2709 viros
511 2641 755 2726 aliquid
797 2664 989 2726 posse
1037 2643 1119 2707 ad
1163 2643 1515 2727 perniciem
1557 2643 1938 2727 innocentis,
1981 2644 2049 2708 id
2092 2644 2309 2728 ipsum

181 2744 267 2807 49
325 2751 575 2813 queror.
678 2728 1004 2795 Idcircone
1062 2736 1436 2814 experrecta
1487 2730 1800 2796 nobilitas
1858 2732 2056 2796 armis
2113 2735 2310 2815 atque

286 2819 459 2884 ferro
506 2840 644 2883 rem
690 2818 1019 2902 publicam
1064 2818 1469 2902 reciperavit,
1514 2822 1588 2883 ut
1631 2818 1713 2883 ad
1750 2818 2085 2884 libidinem
2122 2840 2306 2884 suam

286 2906 507 2972 liberti
532 2906 922 2991 ,servolique
976 2906 1297 2976 nobilium
1350 2906 1524 2971 bona
1576 2905 2026 2990 fortunasque?
2042 2910 2311 2972 nostras
2338 2932 2392 2972 so

184 3015 284 3063 142
321 3015 556 3060 vexare
589 2993 901 3078 possent?
976 2991 1045 3058 Si
1089 2993 1157 3058 id
1203 2998 1420 3059 actum
1468 2998 1586 3078 est,
1631 2992 1844 3059 fateor
1888 3015 1992 3059 me
2039 3015 2308 3080 errasse,

286 3082 397 3168 qui
432 3083 555 3147 hoc
600 3081 960 3161 maluerim,
1002 3081 1215 3147 fateor
1258 3081 1596 3166 insanisse,
1643 3082 1753 3165 qui
1798 3103 1943 3148 cum
1987 3082 2123 3147 illis
2170 3104 2310 3147 sen-

286 3171 508 3252 serim3
581 3169 847 3234 tametsi
907 3169 1202 3252 inermis,
1272 3169 1542 3253 iudices,
1609 3169 1799 3234 sensi.
1908 3167 2026 3234 Sin
2088 3175 2308 3236 autem

282 3256 560 3324 victoria
610 3257 929 3322 nobilium
996 3261 1379 3322 ornamento
1446 3260 1642 3340 atque
1708 3258 2145 3323 emolumento
2209 3258 2307 3322 rei

281 3346 581 3428 publicae
644 3345 1015 3430 populoque
1078 3343 1375 3409 Romano
1450 3344 1641 3409 debet
1706 3366 1873 3429 esse,
1945 3348 2091 3411 tum
2151 3367 2305 3410 vero
2336 3369 2391 3411 ³⁶

284 3431 531 3516 optimo
562 3435 627 3495 et
653 3433 1061 3498 nobilissimo
1100 3432 1328 3515 cuique
1365 3453 1578 3497 meam
1615 3432 1977 3499 orationem
2015 3433 2309 3519 gratissi·

283 3540 459 3585 mam
525 3539 663 3583 esse
727 3524 1003 3603 oportet.
1106 3518 1348 3596 Quodsi
1414 3520 1559 3604 quis
1624 3524 1751 3605 est,
1818 3520 1930 3604 qui
1997 3525 2063 3585 et
2117 3542 2187 3586 se
2241 3523 2309 3585 et
