<?xml version="1.0" encoding="UTF-8"?>
<!DOCTYPE html PUBLIC "-//W3C//DTD XHTML 1.0 Transitional//EN"
    "http://www.w3.org/TR/xhtml1/DTD/xhtml1-transitional.dtd">
<html xmlns="http://www.w3.org/1999/xhtml" xml:lang="en" lang="en">
 <head>
  <title>
</title>
<meta http-equiv="Content-Type" content="text/html;charset=utf-8" />
  <meta name='ocr-system' content='tesseract 3.04.00' />
  <meta name='ocr-capabilities' content='ocr_page ocr_carea ocr_par ocr_line ocrx_word'/>
</head>
<body>
  <div class='ocr_page' id='page_1' title='image "./scriptaquaemans00klotgoog_0285.png"; bbox 0 0 2566 4016; ppageno 0'>
   <div class='ocr_carea' id='block_1_1' title="bbox 771 208 2283 281">
    <p class='ocr_par' dir='ltr' id='par_1_1' title="bbox 771 208 2283 281">
     <span class='ocr_line' id='line_1_1' title="bbox 771 208 2283 281; baseline 0.011 -17"><span class='ocrx_word' id='word_1_1' title='bbox 771 211 903 266; x_wconf 72' lang='grc' dir='ltr'>ΜΒ.</span> <span class='ocrx_word' id='word_1_2' title='bbox 943 212 968 266; x_wconf 93' lang='lat'>1</span> <span class='ocrx_word' id='word_1_3' title='bbox 1017 208 1187 267; x_wconf 74' lang='lat' dir='ltr'>&#39;CAR</span> <span class='ocrx_word' id='word_1_4' title='bbox 1228 219 1438 267; x_wconf 75' lang='lat'>27—29</span> <span class='ocrx_word' id='word_1_5' title='bbox 1477 220 1507 280; x_wconf 64' lang='grc' dir='ltr'>ς</span> <span class='ocrx_word' id='word_1_6' title='bbox 1545 221 1770 269; x_wconf 78' lang='lat'>69—74.</span> <span class='ocrx_word' id='word_1_7' title='bbox 2159 217 2283 281; x_wconf 81' lang='grc'>167</span> 
     </span>
    </p>
   </div>
   <div class='ocr_carea' id='block_1_2' title="bbox 155 354 2388 3617">
    <p class='ocr_par' dir='ltr' id='par_1_2' title="bbox 239 354 2345 706">
     <span class='ocr_line' id='line_1_2' title="bbox 240 354 2287 444; baseline 0.001 -21"><span class='ocrx_word' id='word_1_8' title='bbox 240 359 397 423; x_wconf 88' lang='lat' dir='ltr'>sius</span> <span class='ocrx_word' id='word_1_9' title='bbox 428 354 583 441; x_wconf 90' lang='lat' dir='ltr'>(quo</span> <span class='ocrx_word' id='word_1_10' title='bbox 613 355 869 442; x_wconf 89' lang='lat' dir='ltr'>quidem</span> <span class='ocrx_word' id='word_1_11' title='bbox 897 360 1191 441; x_wconf 87' lang='lat' dir='ltr'>tempore</span> <span class='ocrx_word' id='word_1_12' title='bbox 1219 357 1394 442; x_wconf 85' lang='lat' dir='ltr'>signi</span> <span class='ocrx_word' id='word_1_13' title='bbox 1413 357 1573 422; x_wconf 90' lang='lat' dir='ltr'>satis</span> <span class='ocrx_word' id='word_1_14' title='bbox 1605 357 1797 443; x_wconf 87' lang='lat' dir='ltr'>dedit,</span> <span class='ocrx_word' id='word_1_15' title='bbox 1824 359 1882 423; x_wconf 90' lang='lat' dir='ltr'>si</span> <span class='ocrx_word' id='word_1_16' title='bbox 1913 360 2067 443; x_wconf 90' lang='lat' dir='ltr'>quid</span> <span class='ocrx_word' id='word_1_17' title='bbox 2096 365 2287 444; x_wconf 76' lang='lat' dir='ltr'>esset,</span> 
     </span>
     <span class='ocr_line' id='line_1_3' title="bbox 240 444 2284 532; baseline 0.001 -20"><span class='ocrx_word' id='word_1_18' title='bbox 240 446 437 532; x_wconf 87' lang='lat' dir='ltr'>quod</span> <span class='ocrx_word' id='word_1_19' title='bbox 471 447 696 529; x_wconf 86' lang='lat' dir='ltr'>posset</span> <span class='ocrx_word' id='word_1_20' title='bbox 734 444 960 528; x_wconf 83' lang='lat' dir='ltr'>dicere,</span> <span class='ocrx_word' id='word_1_21' title='bbox 1007 466 1074 508; x_wconf 91' lang='lat' dir='ltr'>se</span> <span class='ocrx_word' id='word_1_22' title='bbox 1111 447 1327 510; x_wconf 83' lang='lat' dir='ltr'>tacere</span> <span class='ocrx_word' id='word_1_23' title='bbox 1363 467 1497 511; x_wconf 91' lang='lat' dir='ltr'>non</span> <span class='ocrx_word' id='word_1_24' title='bbox 1530 467 1750 530; x_wconf 91' lang='lat' dir='ltr'>posse,</span> <span class='ocrx_word' id='word_1_25' title='bbox 1795 450 1888 529; x_wconf 90' lang='lat' dir='ltr'>ut,</span> <span class='ocrx_word' id='word_1_26' title='bbox 1935 469 2129 531; x_wconf 93' lang='lat' dir='ltr'>quam</span> <span class='ocrx_word' id='word_1_27' title='bbox 2175 449 2284 514; x_wconf 90' lang='lat' dir='ltr'>diu</span> 
     </span>
     <span class='ocr_line' id='line_1_4' title="bbox 239 533 2345 618; baseline 0 -19"><span class='ocrx_word' id='word_1_28' title='bbox 239 534 467 600; x_wconf 86' lang='lat' dir='ltr'>tacuit</span> <span class='ocrx_word' id='word_1_29' title='bbox 510 534 581 597; x_wconf 92' lang='lat' dir='ltr'>in</span> <span class='ocrx_word' id='word_1_30' title='bbox 626 533 856 599; x_wconf 88' lang='lat' dir='ltr'>ceteris</span> <span class='ocrx_word' id='word_1_31' title='bbox 901 533 1207 615; x_wconf 87' lang='lat' dir='ltr'>testibus,</span> <span class='ocrx_word' id='word_1_32' title='bbox 1254 533 1418 599; x_wconf 87' lang='lat' dir='ltr'>scire</span> <span class='ocrx_word' id='word_1_33' title='bbox 1465 555 1687 598; x_wconf 91' lang='lat' dir='ltr'>omnes</span> <span class='ocrx_word' id='word_1_34' title='bbox 1734 556 2073 618; x_wconf 85' lang='lat' dir='ltr'>possemus</span> <span class='ocrx_word' id='word_1_35' title='bbox 2117 536 2283 600; x_wconf 86' lang='lat' dir='ltr'>nihil</span> <span class='ocrx_word' id='word_1_36' title='bbox 2340 533 2345 536; x_wconf 60' lang='grc'><em>’</em></span> 
     </span>
     <span class='ocr_line' id='line_1_5' title="bbox 239 618 2285 706; baseline 0 -18"><span class='ocrx_word' id='word_1_37' title='bbox 239 622 587 705; x_wconf 79' lang='lat' dir='ltr'><strong>habuisse,</strong></span> <span class='ocrx_word' id='word_1_38' title='bbox 625 621 798 704; x_wconf 90' lang='lat' dir='ltr'>quod</span> <span class='ocrx_word' id='word_1_39' title='bbox 836 618 1105 706; x_wconf 86' lang='lat' dir='ltr'>diceret)</span> <span class='ocrx_word' id='word_1_40' title='bbox 1143 657 1227 667; x_wconf 89' lang='lat'>—</span> <span class='ocrx_word' id='word_1_41' title='bbox 1263 621 1389 686; x_wconf 91' lang='lat' dir='ltr'>hoc</span> <span class='ocrx_word' id='word_1_42' title='bbox 1423 625 1566 687; x_wconf 91' lang='lat' dir='ltr'>tum</span> <span class='ocrx_word' id='word_1_43' title='bbox 1604 621 1783 705; x_wconf 87' lang='lat' dir='ltr'>dixit,</span> <span class='ocrx_word' id='word_1_44' title='bbox 1826 621 2285 688; x_wconf 74' lang='lat' dir='ltr'><strong>Philodamum</strong></span> 
     </span>
    </p>

    <p class='ocr_par' dir='ltr' id='par_1_3' title="bbox 181 707 2388 1147">
     <span class='ocr_line' id='line_1_6' title="bbox 181 707 2388 795; baseline 0.001 -23"><span class='ocrx_word' id='word_1_45' title='bbox 181 732 208 772; x_wconf 88' lang='lat'><strong>5</strong></span> <span class='ocrx_word' id='word_1_46' title='bbox 242 716 318 776; x_wconf 83' lang='lat' dir='ltr'>et</span> <span class='ocrx_word' id='word_1_47' title='bbox 369 711 582 774; x_wconf 90' lang='lat' dir='ltr'>filium</span> <span class='ocrx_word' id='word_1_48' title='bbox 620 710 757 775; x_wconf 91' lang='lat' dir='ltr'>eius</span> <span class='ocrx_word' id='word_1_49' title='bbox 795 731 835 773; x_wconf 89' lang='lat' dir='ltr'>a</span> <span class='ocrx_word' id='word_1_50' title='bbox 872 707 939 773; x_wconf 84' lang='lat' dir='ltr'>O.</span> <span class='ocrx_word' id='word_1_51' title='bbox 975 708 1235 775; x_wconf 83' lang='lat' dir='ltr'>Nerone</span> <span class='ocrx_word' id='word_1_52' title='bbox 1271 731 1412 774; x_wconf 90' lang='lat' dir='ltr'>esse</span> <span class='ocrx_word' id='word_1_53' title='bbox 1451 710 1810 775; x_wconf 86' lang='lat' dir='ltr'>damnatos.</span> <span class='ocrx_word' id='word_1_54' title='bbox 1881 710 1981 776; x_wconf 91' lang='lat' dir='ltr'>De</span> <span class='ocrx_word' id='word_1_55' title='bbox 2028 733 2155 795; x_wconf 91' lang='lat' dir='ltr'>quo</span> <span class='ocrx_word' id='word_1_56' title='bbox 2202 733 2283 776; x_wconf 90' lang='lat' dir='ltr'>ne</span> <span class='ocrx_word' id='word_1_57' title='bbox 2321 726 2388 775; x_wconf 79' lang='lat'>⁷2</span> 
     </span>
     <span class='ocr_line' id='line_1_7' title="bbox 241 798 2282 882; baseline 0 -18"><span class='ocrx_word' id='word_1_58' title='bbox 241 799 475 864; x_wconf 85' lang='lat' dir='ltr'>multa</span> <span class='ocrx_word' id='word_1_59' title='bbox 501 798 831 881; x_wconf 82' lang='lat' dir='ltr'>disseram,</span> <span class='ocrx_word' id='word_1_60' title='bbox 876 800 1135 862; x_wconf 85' lang='lat' dir='ltr'>tantum</span> <span class='ocrx_word' id='word_1_61' title='bbox 1163 798 1325 882; x_wconf 89' lang='lat' dir='ltr'>dico,</span> <span class='ocrx_word' id='word_1_62' title='bbox 1363 801 1654 864; x_wconf 88' lang='lat' dir='ltr'>secutum</span> <span class='ocrx_word' id='word_1_63' title='bbox 1681 799 1749 863; x_wconf 89' lang='lat' dir='ltr'>id</span> <span class='ocrx_word' id='word_1_64' title='bbox 1775 820 1917 864; x_wconf 90' lang='lat' dir='ltr'>esse</span> <span class='ocrx_word' id='word_1_65' title='bbox 1956 798 2282 864; x_wconf 90' lang='lat' dir='ltr'>Neronem</span> 
     </span>
     <span class='ocr_line' id='line_1_8' title="bbox 242 883 2281 969; baseline 0 -17"><span class='ocrx_word' id='word_1_66' title='bbox 242 892 321 952; x_wconf 78' lang='lat' dir='ltr'>et</span> <span class='ocrx_word' id='word_1_67' title='bbox 385 886 522 952; x_wconf 91' lang='lat' dir='ltr'>eius</span> <span class='ocrx_word' id='word_1_68' title='bbox 576 886 946 951; x_wconf 88' lang='lat' dir='ltr'>consilium:</span> <span class='ocrx_word' id='word_1_69' title='bbox 1003 886 1174 969; x_wconf 90' lang='lat' dir='ltr'>quod</span> <span class='ocrx_word' id='word_1_70' title='bbox 1220 883 1595 952; x_wconf 85' lang='lat' dir='ltr'>Cornelium</span> <span class='ocrx_word' id='word_1_71' title='bbox 1649 888 1945 953; x_wconf 86' lang='lat' dir='ltr'>lictorem</span> <span class='ocrx_word' id='word_1_72' title='bbox 1999 888 2281 953; x_wconf 81' lang='lat' dir='ltr'>occisum</span> 
     </span>
     <span class='ocr_line' id='line_1_9' title="bbox 241 976 2281 1059; baseline 0 -18"><span class='ocrx_word' id='word_1_73' title='bbox 241 997 403 1041; x_wconf 88' lang='lat' dir='ltr'>esse</span> <span class='ocrx_word' id='word_1_74' title='bbox 448 977 806 1057; x_wconf 87' lang='lat' dir='ltr'>constaret,</span> <span class='ocrx_word' id='word_1_75' title='bbox 852 977 1117 1059; x_wconf 89' lang='lat' dir='ltr'>putasse</span> <span class='ocrx_word' id='word_1_76' title='bbox 1159 996 1296 1039; x_wconf 90' lang='lat' dir='ltr'>non</span> <span class='ocrx_word' id='word_1_77' title='bbox 1340 979 1640 1059; x_wconf 87' lang='lat' dir='ltr'>oportere</span> <span class='ocrx_word' id='word_1_78' title='bbox 1686 997 1826 1040; x_wconf 92' lang='lat' dir='ltr'>esse</span> <span class='ocrx_word' id='word_1_79' title='bbox 1862 976 2164 1059; x_wconf 90' lang='lat' dir='ltr'>cuiquam</span> <span class='ocrx_word' id='word_1_80' title='bbox 2198 998 2281 1041; x_wconf 93' lang='lat' dir='ltr'>ne</span> 
     </span>
     <span class='ocr_line' id='line_1_10' title="bbox 240 1061 2283 1147; baseline 0.001 -20"><span class='ocrx_word' id='word_1_81' title='bbox 240 1065 320 1129; x_wconf 88' lang='lat' dir='ltr'>in</span> <span class='ocrx_word' id='word_1_82' title='bbox 348 1062 723 1128; x_wconf 88' lang='lat' dir='ltr'>ulciscenda</span> <span class='ocrx_word' id='word_1_83' title='bbox 749 1061 1008 1146; x_wconf 89' lang='lat' dir='ltr'>quidem</span> <span class='ocrx_word' id='word_1_84' title='bbox 1040 1062 1277 1127; x_wconf 89' lang='lat' dir='ltr'>iniuria</span> <span class='ocrx_word' id='word_1_85' title='bbox 1313 1063 1596 1128; x_wconf 89' lang='lat' dir='ltr'>hominis</span> <span class='ocrx_word' id='word_1_86' title='bbox 1635 1063 1962 1129; x_wconf 89' lang='lat' dir='ltr'>occidendi</span> <span class='ocrx_word' id='word_1_87' title='bbox 1997 1068 2283 1147; x_wconf 89' lang='lat' dir='ltr'>potesta-</span> 
     </span>
    </p>

    <p class='ocr_par' dir='ltr' id='par_1_4' title="bbox 155 1149 2281 1324">
     <span class='ocr_line' id='line_1_11' title="bbox 155 1149 2281 1235; baseline 0.002 -24"><span class='ocrx_word' id='word_1_88' title='bbox 155 1173 210 1211; x_wconf 79' lang='grc' dir='ltr'>ιο</span> <span class='ocrx_word' id='word_1_89' title='bbox 243 1158 423 1235; x_wconf 82' lang='lat' dir='ltr'>tem3</span> <span class='ocrx_word' id='word_1_90' title='bbox 469 1151 541 1214; x_wconf 90' lang='lat' dir='ltr'>in</span> <span class='ocrx_word' id='word_1_91' title='bbox 586 1172 713 1234; x_wconf 91' lang='lat' dir='ltr'>quo</span> <span class='ocrx_word' id='word_1_92' title='bbox 759 1150 944 1215; x_wconf 83' lang='lat' dir='ltr'>video</span> <span class='ocrx_word' id='word_1_93' title='bbox 990 1149 1271 1215; x_wconf 90' lang='lat' dir='ltr'>Neronis</span> <span class='ocrx_word' id='word_1_94' title='bbox 1317 1151 1552 1216; x_wconf 83' lang='lat' dir='ltr'>iudicio</span> <span class='ocrx_word' id='word_1_95' title='bbox 1598 1172 1731 1216; x_wconf 92' lang='lat' dir='ltr'>non</span> <span class='ocrx_word' id='word_1_96' title='bbox 1784 1155 1850 1215; x_wconf 87' lang='lat' dir='ltr'>te</span> <span class='ocrx_word' id='word_1_97' title='bbox 1908 1152 2281 1217; x_wconf 88' lang='lat' dir='ltr'>absolutum</span> 
     </span>
     <span class='ocr_line' id='line_1_12' title="bbox 244 1238 2129 1324; baseline -0.001 -19"><span class='ocrx_word' id='word_1_98' title='bbox 244 1262 404 1305; x_wconf 92' lang='lat' dir='ltr'>esse</span> <span class='ocrx_word' id='word_1_99' title='bbox 450 1238 918 1324; x_wconf 86' lang='lat' dir='ltr'>improbitatis,</span> <span class='ocrx_word' id='word_1_100' title='bbox 967 1239 1079 1302; x_wconf 88' lang='lat' dir='ltr'>sed</span> <span class='ocrx_word' id='word_1_101' title='bbox 1122 1238 1274 1303; x_wconf 89' lang='lat' dir='ltr'>illos</span> <span class='ocrx_word' id='word_1_102' title='bbox 1323 1238 1664 1303; x_wconf 88' lang='lat' dir='ltr'>damnatos</span> <span class='ocrx_word' id='word_1_103' title='bbox 1713 1260 1852 1303; x_wconf 90' lang='lat' dir='ltr'>esse</span> <span class='ocrx_word' id='word_1_104' title='bbox 1899 1239 2129 1304; x_wconf 90' lang='lat' dir='ltr'>caedis.</span> 
     </span>
    </p>

    <p class='ocr_par' dir='ltr' id='par_1_5' title="bbox 244 1324 2280 1589">
     <span class='ocr_line' id='line_1_13' title="bbox 396 1324 2280 1412; baseline 0 -22"><span class='ocrx_word' id='word_1_105' title='bbox 396 1326 640 1392; x_wconf 87' lang='lat' dir='ltr'>Verum</span> <span class='ocrx_word' id='word_1_106' title='bbox 703 1324 834 1391; x_wconf 90' lang='lat' dir='ltr'>ista</span> <span class='ocrx_word' id='word_1_107' title='bbox 898 1327 1229 1392; x_wconf 87' lang='lat' dir='ltr'>damnatio</span> <span class='ocrx_word' id='word_1_108' title='bbox 1294 1331 1517 1391; x_wconf 86' lang='lat' dir='ltr'>tamen</span> <span class='ocrx_word' id='word_1_109' title='bbox 1581 1326 1761 1391; x_wconf 91' lang='lat' dir='ltr'>cuius</span> <span class='ocrx_word' id='word_1_110' title='bbox 1827 1327 2002 1392; x_wconf 91' lang='lat' dir='ltr'>modi</span> <span class='ocrx_word' id='word_1_111' title='bbox 2062 1327 2280 1412; x_wconf 86' lang='lat' dir='ltr'>fuerit,</span> 
     </span>
     <span class='ocr_line' id='line_1_14' title="bbox 244 1414 2278 1499; baseline -0 -17"><span class='ocrx_word' id='word_1_112' title='bbox 244 1416 506 1499; x_wconf 89' lang='lat' dir='ltr'>audite,</span> <span class='ocrx_word' id='word_1_113' title='bbox 562 1435 829 1499; x_wconf 90' lang='lat' dir='ltr'>quaes0,</span> <span class='ocrx_word' id='word_1_114' title='bbox 882 1414 1151 1498; x_wconf 87' lang='lat' dir='ltr'>iudices,</span> <span class='ocrx_word' id='word_1_115' title='bbox 1206 1417 1271 1480; x_wconf 92' lang='lat' dir='ltr'>et</span> <span class='ocrx_word' id='word_1_116' title='bbox 1329 1414 1676 1499; x_wconf 89' lang='lat' dir='ltr'>aliquando</span> <span class='ocrx_word' id='word_1_117' title='bbox 1732 1414 2130 1480; x_wconf 82' lang='lat' dir='ltr'>miseremini</span> <span class='ocrx_word' id='word_1_118' title='bbox 2180 1437 2278 1481; x_wconf 89' lang='lat' dir='ltr'>so-</span> 
     </span>
     <span class='ocr_line' id='line_1_15' title="bbox 244 1502 2280 1589; baseline -0 -19"><span class='ocrx_word' id='word_1_119' title='bbox 244 1506 508 1571; x_wconf 88' lang='lat' dir='ltr'>ciorum</span> <span class='ocrx_word' id='word_1_120' title='bbox 544 1507 611 1567; x_wconf 82' lang='lat' dir='ltr'>et</span> <span class='ocrx_word' id='word_1_121' title='bbox 649 1502 971 1568; x_wconf 74' lang='lat' dir='ltr'>ostendite</span> <span class='ocrx_word' id='word_1_122' title='bbox 1009 1503 1256 1586; x_wconf 86' lang='lat' dir='ltr'>aliquid</span> <span class='ocrx_word' id='word_1_123' title='bbox 1296 1503 1379 1567; x_wconf 92' lang='lat' dir='ltr'>iis</span> <span class='ocrx_word' id='word_1_124' title='bbox 1424 1503 1494 1567; x_wconf 91' lang='lat' dir='ltr'>in</span> <span class='ocrx_word' id='word_1_125' title='bbox 1538 1506 1760 1569; x_wconf 87' lang='lat' dir='ltr'>vestra</span> <span class='ocrx_word' id='word_1_126' title='bbox 1801 1504 1927 1569; x_wconf 91' lang='lat' dir='ltr'>fide</span> <span class='ocrx_word' id='word_1_127' title='bbox 1973 1505 2280 1589; x_wconf 87' lang='lat' dir='ltr'>praesidii</span> 
     </span>
    </p>

    <p class='ocr_par' dir='ltr' id='par_1_6' title="bbox 160 1590 2383 2028">
     <span class='ocr_line' id='line_1_16' title="bbox 160 1590 2383 1677; baseline 0.005 -25"><span class='ocrx_word' id='word_1_128' title='bbox 160 1612 215 1652; x_wconf 86' lang='lat'>15</span> <span class='ocrx_word' id='word_1_129' title='bbox 246 1615 401 1659; x_wconf 91' lang='lat' dir='ltr'>esse</span> <span class='ocrx_word' id='word_1_130' title='bbox 440 1595 758 1677; x_wconf 74' lang='lat' dir='ltr'>oportere.</span> <span class='ocrx_word' id='word_1_131' title='bbox 833 1590 1020 1667; x_wconf 81' lang='lat' dir='ltr'>Quod</span> <span class='ocrx_word' id='word_1_132' title='bbox 1054 1592 1181 1657; x_wconf 90' lang='lat' dir='ltr'>toti</span> <span class='ocrx_word' id='word_1_133' title='bbox 1216 1590 1416 1657; x_wconf 91' lang='lat' dir='ltr'>Asiae</span> <span class='ocrx_word' id='word_1_134' title='bbox 1455 1592 1595 1657; x_wconf 90' lang='lat' dir='ltr'>iure</span> <span class='ocrx_word' id='word_1_135' title='bbox 1642 1591 1890 1658; x_wconf 91' lang='lat' dir='ltr'>occisus</span> <span class='ocrx_word' id='word_1_136' title='bbox 1935 1592 2279 1659; x_wconf 79' lang='lat' dir='ltr'>videbatur</span> <span class='ocrx_word' id='word_1_137' title='bbox 2297 1599 2383 1663; x_wconf 84' lang='lat'>29</span> 
     </span>
     <span class='ocr_line' id='line_1_17' title="bbox 246 1680 2279 1765; baseline 0 -18"><span class='ocrx_word' id='word_1_138' title='bbox 246 1682 451 1747; x_wconf 86' lang='lat' dir='ltr'>istius</span> <span class='ocrx_word' id='word_1_139' title='bbox 488 1680 603 1744; x_wconf 91' lang='lat' dir='ltr'>ille</span> <span class='ocrx_word' id='word_1_140' title='bbox 640 1680 839 1744; x_wconf 79' lang='lat' dir='ltr'>verbo</span> <span class='ocrx_word' id='word_1_141' title='bbox 879 1680 1088 1763; x_wconf 89' lang='lat' dir='ltr'>lictor,</span> <span class='ocrx_word' id='word_1_142' title='bbox 1125 1701 1194 1744; x_wconf 94' lang='lat' dir='ltr'>re</span> <span class='ocrx_word' id='word_1_143' title='bbox 1229 1702 1386 1745; x_wconf 85' lang='lat' dir='ltr'>vera</span> <span class='ocrx_word' id='word_1_144' title='bbox 1421 1680 1720 1745; x_wconf 88' lang='lat' dir='ltr'>minister</span> <span class='ocrx_word' id='word_1_145' title='bbox 1754 1681 2279 1765; x_wconf 85' lang='lat' dir='ltr'>improbissimae</span> 
     </span>
     <span class='ocr_line' id='line_1_18' title="bbox 248 1767 2278 1853; baseline -0.001 -18"><span class='ocrx_word' id='word_1_146' title='bbox 248 1768 661 1853; x_wconf 79' lang='lat' dir='ltr'>cupiditatis,</span> <span class='ocrx_word' id='word_1_147' title='bbox 732 1767 1072 1852; x_wconf 89' lang='lat' dir='ltr'>pertimuit</span> <span class='ocrx_word' id='word_1_148' title='bbox 1143 1769 1297 1852; x_wconf 89' lang='lat' dir='ltr'>iste,</span> <span class='ocrx_word' id='word_1_149' title='bbox 1366 1789 1449 1833; x_wconf 91' lang='lat' dir='ltr'>ne</span> <span class='ocrx_word' id='word_1_150' title='bbox 1510 1767 1934 1833; x_wconf 85' lang='lat' dir='ltr'>Philodamus</span> <span class='ocrx_word' id='word_1_151' title='bbox 1998 1769 2278 1834; x_wconf 90' lang='lat' dir='ltr'>Neronis</span> 
     </span>
     <span class='ocr_line' id='line_1_19' title="bbox 250 1855 2278 1941; baseline -0 -21"><span class='ocrx_word' id='word_1_152' title='bbox 250 1857 498 1921; x_wconf 92' lang='lat' dir='ltr'>iudicio</span> <span class='ocrx_word' id='word_1_153' title='bbox 554 1856 970 1939; x_wconf 81' lang='lat' dir='ltr'>liberaretur3</span> <span class='ocrx_word' id='word_1_154' title='bbox 1023 1860 1218 1941; x_wconf 85' lang='lat' dir='ltr'>rogat</span> <span class='ocrx_word' id='word_1_155' title='bbox 1273 1859 1341 1919; x_wconf 88' lang='lat' dir='ltr'>et</span> <span class='ocrx_word' id='word_1_156' title='bbox 1394 1860 1538 1920; x_wconf 90' lang='lat' dir='ltr'>orat</span> <span class='ocrx_word' id='word_1_157' title='bbox 1582 1855 2026 1937; x_wconf 87' lang='lat' dir='ltr'>Dolabellam,</span> <span class='ocrx_word' id='word_1_158' title='bbox 2079 1859 2154 1919; x_wconf 94' lang='lat' dir='ltr'>ut</span> <span class='ocrx_word' id='word_1_159' title='bbox 2202 1856 2278 1920; x_wconf 89' lang='lat' dir='ltr'>de</span> 
     </span>
     <span class='ocr_line' id='line_1_20' title="bbox 255 1941 2278 2028; baseline -0.001 -18"><span class='ocrx_word' id='word_1_160' title='bbox 255 1966 384 2010; x_wconf 89' lang='lat' dir='ltr'>sua</span> <span class='ocrx_word' id='word_1_161' title='bbox 436 1944 768 2028; x_wconf 86' lang='lat' dir='ltr'>provincia</span> <span class='ocrx_word' id='word_1_162' title='bbox 822 1943 1115 2027; x_wconf 84' lang='lat' dir='ltr'>decedat,</span> <span class='ocrx_word' id='word_1_163' title='bbox 1170 1943 1252 2007; x_wconf 89' lang='lat' dir='ltr'>ad</span> <span class='ocrx_word' id='word_1_164' title='bbox 1297 1941 1625 2008; x_wconf 86' lang='lat' dir='ltr'>Neronem</span> <span class='ocrx_word' id='word_1_165' title='bbox 1678 1943 2152 2028; x_wconf 80' lang='lat' dir='ltr'>proficiscatur3</span> <span class='ocrx_word' id='word_1_166' title='bbox 2210 1965 2278 2008; x_wconf 92' lang='lat' dir='ltr'>se</span> 
     </span>
    </p>

    <p class='ocr_par' dir='ltr' id='par_1_7' title="bbox 167 2030 2380 2473">
     <span class='ocr_line' id='line_1_21' title="bbox 167 2030 2277 2115; baseline -0.001 -15"><span class='ocrx_word' id='word_1_167' title='bbox 167 2053 224 2092; x_wconf 81' lang='lat'>20</span> <span class='ocrx_word' id='word_1_168' title='bbox 255 2036 666 2100; x_wconf 89' lang='lat' dir='ltr'>demonstrat</span> <span class='ocrx_word' id='word_1_169' title='bbox 715 2034 1107 2101; x_wconf 84' lang='lat' dir='ltr'>incolumem</span> <span class='ocrx_word' id='word_1_170' title='bbox 1154 2052 1294 2096; x_wconf 90' lang='lat' dir='ltr'>esse</span> <span class='ocrx_word' id='word_1_171' title='bbox 1339 2052 1473 2096; x_wconf 93' lang='lat' dir='ltr'>non</span> <span class='ocrx_word' id='word_1_172' title='bbox 1515 2051 1735 2115; x_wconf 88' lang='lat' dir='ltr'>posse,</span> <span class='ocrx_word' id='word_1_173' title='bbox 1790 2031 1848 2095; x_wconf 91' lang='lat' dir='ltr'>si</span> <span class='ocrx_word' id='word_1_174' title='bbox 1890 2030 2277 2097; x_wconf 87' lang='lat' dir='ltr'>Philodamo</span> 
     </span>
     <span class='ocr_line' id='line_1_22' title="bbox 251 2117 2380 2205; baseline -0.004 -15"><span class='ocrx_word' id='word_1_175' title='bbox 251 2124 475 2190; x_wconf 81' lang='lat' dir='ltr'>vivere</span> <span class='ocrx_word' id='word_1_176' title='bbox 513 2126 709 2205; x_wconf 87' lang='lat' dir='ltr'>atque</span> <span class='ocrx_word' id='word_1_177' title='bbox 745 2119 1093 2204; x_wconf 87' lang='lat' dir='ltr'>aliquando</span> <span class='ocrx_word' id='word_1_178' title='bbox 1131 2118 1409 2184; x_wconf 86' lang='lat' dir='ltr'>Romam</span> <span class='ocrx_word' id='word_1_179' title='bbox 1432 2119 1665 2184; x_wconf 75' lang='lat' dir='ltr'>venire</span> <span class='ocrx_word' id='word_1_180' title='bbox 1710 2117 2020 2184; x_wconf 87' lang='lat' dir='ltr'>licuisset.</span> <span class='ocrx_word' id='word_1_181' title='bbox 2092 2119 2278 2186; x_wconf 85' lang='lat' dir='ltr'>Com·</span> <span class='ocrx_word' id='word_1_182' title='bbox 2315 2134 2380 2183; x_wconf 81' lang='grc'>73</span> 
     </span>
     <span class='ocr_line' id='line_1_23' title="bbox 252 2207 2277 2293; baseline -0 -17"><span class='ocrx_word' id='word_1_183' title='bbox 252 2215 476 2276; x_wconf 90' lang='lat' dir='ltr'>motus</span> <span class='ocrx_word' id='word_1_184' title='bbox 534 2213 635 2274; x_wconf 86' lang='lat' dir='ltr'>est</span> <span class='ocrx_word' id='word_1_185' title='bbox 681 2209 1055 2292; x_wconf 83' lang='lat' dir='ltr'>Dolabella3</span> <span class='ocrx_word' id='word_1_186' title='bbox 1108 2207 1291 2292; x_wconf 88' lang='lat' dir='ltr'>fecit,</span> <span class='ocrx_word' id='word_1_187' title='bbox 1344 2207 1413 2272; x_wconf 88' lang='lat' dir='ltr'>id</span> <span class='ocrx_word' id='word_1_188' title='bbox 1468 2207 1640 2291; x_wconf 89' lang='lat' dir='ltr'>quod</span> <span class='ocrx_word' id='word_1_189' title='bbox 1693 2207 1887 2272; x_wconf 91' lang='lat' dir='ltr'>multi</span> <span class='ocrx_word' id='word_1_190' title='bbox 1935 2209 2277 2293; x_wconf 88' lang='lat' dir='ltr'>reprehen-</span> 
     </span>
     <span class='ocr_line' id='line_1_24' title="bbox 252 2296 2278 2382; baseline -0.001 -17"><span class='ocrx_word' id='word_1_191' title='bbox 252 2301 518 2381; x_wconf 89' lang='lat' dir='ltr'>derunt,</span> <span class='ocrx_word' id='word_1_192' title='bbox 572 2301 647 2362; x_wconf 90' lang='lat' dir='ltr'>ut</span> <span class='ocrx_word' id='word_1_193' title='bbox 694 2297 1069 2381; x_wconf 87' lang='lat' dir='ltr'>exercitum,</span> <span class='ocrx_word' id='word_1_194' title='bbox 1118 2296 1547 2381; x_wconf 86' lang='lat' dir='ltr'>provinciam,</span> <span class='ocrx_word' id='word_1_195' title='bbox 1593 2296 1837 2361; x_wconf 88' lang='lat' dir='ltr'>bellum</span> <span class='ocrx_word' id='word_1_196' title='bbox 1883 2297 2278 2382; x_wconf 87' lang='lat' dir='ltr'>relinqueret</span> 
     </span>
     <span class='ocr_line' id='line_1_25' title="bbox 255 2349 2278 2473; baseline 0 -21"><span class='ocrx_word' id='word_1_197' title='bbox 255 2392 326 2453; x_wconf 87' lang='lat' dir='ltr'>et</span> <span class='ocrx_word' id='word_1_198' title='bbox 363 2389 432 2451; x_wconf 90' lang='lat' dir='ltr'>in</span> <span class='ocrx_word' id='word_1_199' title='bbox 459 2349 690 2451; x_wconf 89' lang='lat' dir='ltr'>Asiam</span> <span class='ocrx_word' id='word_1_200' title='bbox 726 2385 1010 2461; x_wconf 90' lang='lat' dir='ltr'>hominis</span> <span class='ocrx_word' id='word_1_201' title='bbox 1045 2384 1429 2469; x_wconf 85' lang='lat' dir='ltr'>nequissimi</span> <span class='ocrx_word' id='word_1_202' title='bbox 1465 2406 1660 2450; x_wconf 87' lang='lat' dir='ltr'>causa</span> <span class='ocrx_word' id='word_1_203' title='bbox 1694 2385 1766 2449; x_wconf 90' lang='lat' dir='ltr'>in</span> <span class='ocrx_word' id='word_1_204' title='bbox 1807 2385 2086 2451; x_wconf 88' lang='lat' dir='ltr'>alienam</span> <span class='ocrx_word' id='word_1_205' title='bbox 2131 2409 2278 2473; x_wconf 88' lang='lat' dir='ltr'>pro-</span> 
     </span>
    </p>

    <p class='ocr_par' dir='ltr' id='par_1_8' title="bbox 169 2472 2277 2908">
     <span class='ocr_line' id='line_1_26' title="bbox 169 2472 2277 2560; baseline 0 -20"><span class='ocrx_word' id='word_1_206' title='bbox 169 2491 224 2533; x_wconf 74' lang='lat'>25</span> <span class='ocrx_word' id='word_1_207' title='bbox 256 2476 541 2540; x_wconf 83' lang='lat' dir='ltr'>vinciam</span> <span class='ocrx_word' id='word_1_208' title='bbox 568 2474 1100 2560; x_wconf 87' lang='lat' dir='ltr'>proficisceretur.</span> <span class='ocrx_word' id='word_1_209' title='bbox 1145 2472 1581 2556; x_wconf 85' lang='lat' dir='ltr'>Posteaquam</span> <span class='ocrx_word' id='word_1_210' title='bbox 1610 2472 1692 2538; x_wconf 91' lang='lat' dir='ltr'>ad</span> <span class='ocrx_word' id='word_1_211' title='bbox 1719 2473 2048 2539; x_wconf 88' lang='lat' dir='ltr'>Neronem</span> <span class='ocrx_word' id='word_1_212' title='bbox 2080 2477 2277 2558; x_wconf 88' lang='lat' dir='ltr'>venit,</span> 
     </span>
     <span class='ocr_line' id='line_1_27' title="bbox 254 2559 2277 2648; baseline -0.001 -19"><span class='ocrx_word' id='word_1_213' title='bbox 254 2564 592 2630; x_wconf 88' lang='lat' dir='ltr'>contendit</span> <span class='ocrx_word' id='word_1_214' title='bbox 656 2562 738 2626; x_wconf 90' lang='lat' dir='ltr'>ab</span> <span class='ocrx_word' id='word_1_215' title='bbox 795 2584 898 2645; x_wconf 90' lang='lat' dir='ltr'>eo,</span> <span class='ocrx_word' id='word_1_216' title='bbox 959 2565 1036 2626; x_wconf 92' lang='lat' dir='ltr'>ut</span> <span class='ocrx_word' id='word_1_217' title='bbox 1088 2559 1460 2626; x_wconf 91' lang='lat' dir='ltr'>Philodami</span> <span class='ocrx_word' id='word_1_218' title='bbox 1525 2582 1786 2627; x_wconf 89' lang='lat' dir='ltr'>causam</span> <span class='ocrx_word' id='word_1_219' title='bbox 1840 2568 2277 2648; x_wconf 82' lang='lat' dir='ltr'>cognosceret</span> 
     </span>
     <span class='ocr_line' id='line_1_28' title="bbox 254 2648 2277 2734; baseline 0 -20"><span class='ocrx_word' id='word_1_220' title='bbox 254 2651 546 2714; x_wconf 87' lang='lat' dir='ltr'>Venerat</span> <span class='ocrx_word' id='word_1_221' title='bbox 589 2651 757 2734; x_wconf 87' lang='lat' dir='ltr'>ipse,</span> <span class='ocrx_word' id='word_1_222' title='bbox 810 2651 922 2734; x_wconf 90' lang='lat' dir='ltr'>qui</span> <span class='ocrx_word' id='word_1_223' title='bbox 968 2652 1140 2714; x_wconf 89' lang='lat' dir='ltr'>esset</span> <span class='ocrx_word' id='word_1_224' title='bbox 1183 2648 1253 2713; x_wconf 90' lang='lat' dir='ltr'>in</span> <span class='ocrx_word' id='word_1_225' title='bbox 1298 2649 1569 2714; x_wconf 89' lang='lat' dir='ltr'>consilio</span> <span class='ocrx_word' id='word_1_226' title='bbox 1618 2653 1683 2714; x_wconf 87' lang='lat' dir='ltr'>et</span> <span class='ocrx_word' id='word_1_227' title='bbox 1727 2650 1977 2734; x_wconf 90' lang='lat' dir='ltr'>primus</span> <span class='ocrx_word' id='word_1_228' title='bbox 2025 2654 2277 2715; x_wconf 88' lang='lat' dir='ltr'>senten·</span> 
     </span>
     <span class='ocr_line' id='line_1_29' title="bbox 263 2737 2276 2822; baseline 0.001 -23"><span class='ocrx_word' id='word_1_229' title='bbox 263 2737 429 2800; x_wconf 88' lang='lat' dir='ltr'>tiam</span> <span class='ocrx_word' id='word_1_230' title='bbox 485 2737 749 2820; x_wconf 83' lang='lat' dir='ltr'>diceret3</span> <span class='ocrx_word' id='word_1_231' title='bbox 804 2737 1159 2803; x_wconf 85' lang='lat' dir='ltr'>adduxerat</span> <span class='ocrx_word' id='word_1_232' title='bbox 1209 2737 1411 2802; x_wconf 86' lang='lat' dir='ltr'>etiam</span> <span class='ocrx_word' id='word_1_233' title='bbox 1455 2737 1819 2822; x_wconf 85' lang='lat' dir='ltr'>praefectos</span> <span class='ocrx_word' id='word_1_234' title='bbox 1867 2742 1932 2802; x_wconf 90' lang='lat' dir='ltr'>et</span> <span class='ocrx_word' id='word_1_235' title='bbox 1977 2738 2276 2803; x_wconf 90' lang='lat' dir='ltr'>tribunos</span> 
     </span>
     <span class='ocr_line' id='line_1_30' title="bbox 263 2823 2276 2908; baseline 0 -19"><span class='ocrx_word' id='word_1_236' title='bbox 263 2823 583 2889; x_wconf 88' lang='lat' dir='ltr'>militares</span> <span class='ocrx_word' id='word_1_237' title='bbox 623 2844 790 2906; x_wconf 81' lang='lat' dir='ltr'>SUOS,</span> <span class='ocrx_word' id='word_1_238' title='bbox 835 2847 996 2908; x_wconf 91' lang='lat' dir='ltr'>quos</span> <span class='ocrx_word' id='word_1_239' title='bbox 1033 2826 1209 2890; x_wconf 87' lang='lat' dir='ltr'>Nero</span> <span class='ocrx_word' id='word_1_240' title='bbox 1248 2847 1470 2890; x_wconf 89' lang='lat' dir='ltr'>omnes</span> <span class='ocrx_word' id='word_1_241' title='bbox 1506 2826 1576 2890; x_wconf 89' lang='lat' dir='ltr'>in</span> <span class='ocrx_word' id='word_1_242' title='bbox 1612 2826 1956 2891; x_wconf 90' lang='lat' dir='ltr'>consilium</span> <span class='ocrx_word' id='word_1_243' title='bbox 1991 2825 2276 2908; x_wconf 80' lang='lat' dir='ltr'>vocavit3</span> 
     </span>
    </p>

    <p class='ocr_par' dir='ltr' id='par_1_9' title="bbox 176 2911 2383 3351">
     <span class='ocr_line' id='line_1_31' title="bbox 176 2911 2276 2998; baseline -0 -20"><span class='ocrx_word' id='word_1_244' title='bbox 176 2930 231 2971; x_wconf 74' lang='lat'>³0</span> <span class='ocrx_word' id='word_1_245' title='bbox 262 2917 403 2978; x_wconf 86' lang='lat' dir='ltr'>erat</span> <span class='ocrx_word' id='word_1_246' title='bbox 441 2911 510 2976; x_wconf 88' lang='lat' dir='ltr'>in</span> <span class='ocrx_word' id='word_1_247' title='bbox 556 2911 825 2977; x_wconf 90' lang='lat' dir='ltr'>consilio</span> <span class='ocrx_word' id='word_1_248' title='bbox 873 2914 1069 2978; x_wconf 90' lang='lat' dir='ltr'>etiam</span> <span class='ocrx_word' id='word_1_249' title='bbox 1118 2913 1564 2997; x_wconf 86' lang='lat' dir='ltr'>aequissumus</span> <span class='ocrx_word' id='word_1_250' title='bbox 1611 2914 1802 2978; x_wconf 87' lang='lat' dir='ltr'>iudex</span> <span class='ocrx_word' id='word_1_251' title='bbox 1845 2914 1986 2998; x_wconf 89' lang='lat' dir='ltr'>ipse</span> <span class='ocrx_word' id='word_1_252' title='bbox 2019 2913 2276 2996; x_wconf 88' lang='lat' dir='ltr'>Verres,</span> 
     </span>
     <span class='ocr_line' id='line_1_32' title="bbox 261 3000 2275 3087; baseline -0.001 -20"><span class='ocrx_word' id='word_1_253' title='bbox 261 3005 448 3068; x_wconf 89' lang='lat' dir='ltr'>erant</span> <span class='ocrx_word' id='word_1_254' title='bbox 503 3020 636 3065; x_wconf 91' lang='lat' dir='ltr'>non</span> <span class='ocrx_word' id='word_1_255' title='bbox 688 3000 855 3065; x_wconf 90' lang='lat' dir='ltr'>nulli</span> <span class='ocrx_word' id='word_1_256' title='bbox 903 3001 1117 3087; x_wconf 85' lang='lat' dir='ltr'>togati</span> <span class='ocrx_word' id='word_1_257' title='bbox 1164 3001 1518 3067; x_wconf 88' lang='lat' dir='ltr'>creditores</span> <span class='ocrx_word' id='word_1_258' title='bbox 1565 3001 1986 3084; x_wconf 82' lang='lat' dir='ltr'>Graecorum,</span> <span class='ocrx_word' id='word_1_259' title='bbox 2043 3001 2275 3084; x_wconf 87' lang='lat' dir='ltr'>quibus</span> 
     </span>
     <span class='ocr_line' id='line_1_33' title="bbox 260 3087 2279 3175; baseline -0.001 -20"><span class='ocrx_word' id='word_1_260' title='bbox 260 3091 343 3155; x_wconf 90' lang='lat' dir='ltr'>ad</span> <span class='ocrx_word' id='word_1_261' title='bbox 406 3087 757 3175; x_wconf 83' lang='lat' dir='ltr'>exigendas</span> <span class='ocrx_word' id='word_1_262' title='bbox 820 3091 1123 3173; x_wconf 86' lang='lat' dir='ltr'>pecunias</span> <span class='ocrx_word' id='word_1_263' title='bbox 1181 3089 1650 3173; x_wconf 89' lang='lat' dir='ltr'>1mprobissimi</span> <span class='ocrx_word' id='word_1_264' title='bbox 1711 3090 2018 3172; x_wconf 90' lang='lat' dir='ltr'>cuiusque</span> <span class='ocrx_word' id='word_1_265' title='bbox 2071 3089 2279 3174; x_wconf 83' lang='lat' dir='ltr'>legati</span> 
     </span>
     <span class='ocr_line' id='line_1_34' title="bbox 256 3176 2383 3263; baseline -0.001 -21"><span class='ocrx_word' id='word_1_266' title='bbox 256 3179 614 3262; x_wconf 90' lang='lat' dir='ltr'>plurimum</span> <span class='ocrx_word' id='word_1_267' title='bbox 651 3176 918 3260; x_wconf 87' lang='lat' dir='ltr'>prodest</span> <span class='ocrx_word' id='word_1_268' title='bbox 954 3178 1185 3263; x_wconf 82' lang='lat' dir='ltr'>gratia.</span> <span class='ocrx_word' id='word_1_269' title='bbox 1256 3177 1380 3242; x_wconf 92' lang='lat' dir='ltr'>Ille</span> <span class='ocrx_word' id='word_1_270' title='bbox 1418 3177 1614 3242; x_wconf 89' lang='lat' dir='ltr'>miser</span> <span class='ocrx_word' id='word_1_271' title='bbox 1651 3176 2052 3241; x_wconf 85' lang='lat' dir='ltr'>defensorem</span> <span class='ocrx_word' id='word_1_272' title='bbox 2098 3197 2275 3261; x_wconf 88' lang='lat' dir='ltr'>repe·</span> <span class='ocrx_word' id='word_1_273' title='bbox 2312 3188 2383 3239; x_wconf 76' lang='grc'>’14</span> 
     </span>
     <span class='ocr_line' id='line_1_35' title="bbox 259 3265 2277 3351; baseline 0 -22"><span class='ocrx_word' id='word_1_274' title='bbox 259 3267 387 3332; x_wconf 89' lang='lat' dir='ltr'>rire</span> <span class='ocrx_word' id='word_1_275' title='bbox 441 3267 769 3331; x_wconf 88' lang='lat' dir='ltr'>neminem</span> <span class='ocrx_word' id='word_1_276' title='bbox 824 3269 1111 3351; x_wconf 84' lang='lat' dir='ltr'>poterat3</span> <span class='ocrx_word' id='word_1_277' title='bbox 1168 3266 1312 3350; x_wconf 92' lang='lat' dir='ltr'>quis</span> <span class='ocrx_word' id='word_1_278' title='bbox 1370 3265 1543 3329; x_wconf 91' lang='lat' dir='ltr'>enim</span> <span class='ocrx_word' id='word_1_279' title='bbox 1597 3269 1768 3329; x_wconf 91' lang='lat' dir='ltr'>esset</span> <span class='ocrx_word' id='word_1_280' title='bbox 1825 3268 1940 3329; x_wconf 85' lang='lat' dir='ltr'>aut</span> <span class='ocrx_word' id='word_1_281' title='bbox 1989 3268 2277 3350; x_wconf 82' lang='lat' dir='ltr'>togatus,</span> 
     </span>
    </p>

    <p class='ocr_par' dir='ltr' id='par_1_10' title="bbox 180 3352 2280 3617">
     <span class='ocr_line' id='line_1_36' title="bbox 180 3352 2279 3440; baseline 0 -22"><span class='ocrx_word' id='word_1_282' title='bbox 180 3367 232 3407; x_wconf 79' lang='lat'>³⁵</span> <span class='ocrx_word' id='word_1_283' title='bbox 262 3356 371 3438; x_wconf 89' lang='lat' dir='ltr'>qui</span> <span class='ocrx_word' id='word_1_284' title='bbox 406 3355 796 3420; x_wconf 89' lang='lat' dir='ltr'>Dolabellae</span> <span class='ocrx_word' id='word_1_285' title='bbox 834 3354 1068 3440; x_wconf 81' lang='lat' dir='ltr'>gratia,</span> <span class='ocrx_word' id='word_1_286' title='bbox 1114 3359 1227 3419; x_wconf 88' lang='lat' dir='ltr'>aut</span> <span class='ocrx_word' id='word_1_287' title='bbox 1264 3353 1568 3436; x_wconf 82' lang='lat' dir='ltr'>Graecus,</span> <span class='ocrx_word' id='word_1_288' title='bbox 1613 3353 1724 3437; x_wconf 90' lang='lat' dir='ltr'>qui</span> <span class='ocrx_word' id='word_1_289' title='bbox 1770 3352 2054 3418; x_wconf 90' lang='lat' dir='ltr'>eiusdem</span> <span class='ocrx_word' id='word_1_290' title='bbox 2099 3354 2167 3419; x_wconf 79' lang='lat' dir='ltr'>vi</span> <span class='ocrx_word' id='word_1_291' title='bbox 2212 3358 2279 3420; x_wconf 88' lang='lat' dir='ltr'>et</span> 
     </span>
     <span class='ocr_line' id='line_1_37' title="bbox 261 3441 2279 3528; baseline 0.002 -25"><span class='ocrx_word' id='word_1_292' title='bbox 261 3442 532 3527; x_wconf 88' lang='lat' dir='ltr'>imperio</span> <span class='ocrx_word' id='word_1_293' title='bbox 586 3464 721 3508; x_wconf 92' lang='lat' dir='ltr'>non</span> <span class='ocrx_word' id='word_1_294' title='bbox 764 3443 1178 3508; x_wconf 77' lang='lat' dir='ltr'>moveretur?</span> <span class='ocrx_word' id='word_1_295' title='bbox 1260 3441 1619 3507; x_wconf 84' lang='lat' dir='ltr'>Accusator</span> <span class='ocrx_word' id='word_1_296' title='bbox 1664 3444 1883 3506; x_wconf 90' lang='lat' dir='ltr'>autem</span> <span class='ocrx_word' id='word_1_297' title='bbox 1930 3443 2279 3528; x_wconf 88' lang='lat' dir='ltr'>apponitur</span> 
     </span>
     <span class='ocr_line' id='line_1_38' title="bbox 265 3529 2280 3617; baseline 0.001 -25"><span class='ocrx_word' id='word_1_298' title='bbox 265 3529 419 3594; x_wconf 85' lang='lat' dir='ltr'>civis</span> <span class='ocrx_word' id='word_1_299' title='bbox 475 3531 808 3597; x_wconf 88' lang='lat' dir='ltr'>Romanus</span> <span class='ocrx_word' id='word_1_300' title='bbox 867 3531 944 3596; x_wconf 90' lang='lat' dir='ltr'>de</span> <span class='ocrx_word' id='word_1_301' title='bbox 1004 3530 1433 3597; x_wconf 85' lang='lat' dir='ltr'>creditoribus</span> <span class='ocrx_word' id='word_1_302' title='bbox 1488 3530 2103 3617; x_wconf 82' lang='lat' dir='ltr'>Lampsacenorum3</span> <span class='ocrx_word' id='word_1_303' title='bbox 2168 3532 2280 3617; x_wconf 88' lang='lat' dir='ltr'>qui</span> 
     </span>
    </p>
   </div>
  </div>
 </body>
</html>
