2566 4016
305 212 431 277 158
901 208 980 263 IN
1018 207 1076 263 C.
1115 206 1426 264 VERREM
1460 206 1621 261 ACT.
1658 206 1727 261 11.

301 356 537 441 impias
584 376 658 421 ac
695 353 1048 438 sacrilegas
1087 352 1318 417 afferre
1355 355 1624 417 conatus
1662 351 1775 417 es?
1847 348 1918 415 Si
1944 351 2017 416 in
2040 353 2327 436 pueritia

299 466 434 511 non
482 444 566 508 iis
623 442 873 507 artibus
929 462 1003 506 ae
1058 440 1417 525 disciplinis
1470 439 1812 504 institutus
1868 460 2043 523 eras,
2099 443 2176 505 ut
2231 464 2326 526 ea,

302 552 465 616 quae
500 530 739 596 litteris
773 529 1085 595 mandata
1121 531 1294 614 sunt,
1335 528 1611 594 disceres
1650 531 1845 611 atque
1883 549 2329 614 cognosceres,

298 642 380 685 ne
425 622 655 705 postea
702 618 977 702 quidem,
1024 638 1170 682 cum
1199 617 1271 681 in
1300 638 1377 681 ea
1401 616 1548 701 ipsa
1574 616 1720 681 loca
1745 615 2004 700 venisti,
2046 618 2327 701 potuisti

301 708 588 793 accipere
641 706 736 791 id,
791 706 963 789 quod
1016 709 1118 771 est
1170 705 1503 790 proditum
1558 704 1870 769 memoria
1915 727 1991 770 ac
2036 704 2323 770 litteris?
2350 733 2377 773 5

193 817 263 868 48
299 796 624 861 Latonam
678 816 758 859 ex
809 795 1011 879 longo
1065 815 1281 858 errore
1338 797 1406 858 et
1454 792 1616 877 fuga
1670 792 2007 879 gravidam
2062 796 2129 858 et
2190 794 2325 859 iam

302 885 384 950 ad
446 883 827 969 pariendum
889 882 1295 966 temporibus
1355 881 1598 946 exactis
1659 880 2030 967 confugisse
2083 880 2323 947 Delum

302 976 498 1056 atque
560 971 656 1036 ibi
716 970 1092 1055 Apollinem
1145 969 1554 1053 Dianamque
1616 969 1973 1054 peperisse3
2043 991 2170 1052 qua
2242 992 2323 1033 ex

301 1060 603 1146 opinione
630 1059 967 1124 hominum
993 1059 1110 1123 illa
1136 1058 1352 1122 insula
1384 1079 1608 1122 eorum
1635 1057 1903 1122 deorum
1922 1078 2106 1123 sacra
2133 1061 2320 1141 puta-

300 1154 434 1233 tur3
461 1151 775 1231 tantaque
812 1147 949 1213 eius
986 1146 1344 1212 auctoritas
1380 1145 1717 1231 religionis
1756 1148 1823 1210 et
1851 1149 1950 1210 est
1980 1149 2045 1209 et
2067 1166 2322 1230 semper
2350 1174 2406 1214 ιο

299 1237 445 1320 fuit,
491 1240 565 1302 ut
610 1257 690 1301 ne
734 1234 971 1301 Persae
1017 1233 1305 1318 quidem,
1350 1255 1495 1299 cum
1540 1233 1787 1298 bellum
1832 1233 1963 1298 toti
1997 1231 2325 1320 Graeciae,

302 1324 401 1389 dis
445 1324 947 1407 hominibusque
990 1322 1379 1387 indixissent
1424 1324 1491 1386 et
1537 1321 1717 1386 mille
1752 1342 2021 1386 numero
2057 1322 2326 1388 navium

301 1414 576 1479 classem
629 1411 714 1477 ad
756 1410 996 1475 Delum
1051 1411 1481 1493 appulissent,
1536 1409 1879 1493 quiequam
1936 1414 2326 1475 conarentur

303 1503 417 1566 aut
461 1499 708 1564 violare
755 1502 869 1564 aut
915 1498 1257 1582 attingere.
1344 1496 1488 1562 Hoc
1532 1500 1608 1561 tu
1658 1496 1885 1562 fanum
1938 1498 2325 1582 depeculari,

300 1588 498 1652 homo
552 1586 1035 1671 improbissime
1079 1589 1274 1669 atque
1320 1585 1781 1669 amentissime,
1827 1585 2154 1651 audebas?
2198 1586 2326 1651 fuit
2352 1612 2404 1653 15

300 1676 441 1741 ulla
503 1673 824 1759 cupiditas
874 1676 1090 1758 tanta,
1149 1695 1314 1758 quae
1367 1676 1625 1739 tantam
1681 1674 2124 1759 exstingueret
2177 1675 2324 1738 reli-

303 1763 606 1850 gionem?
703 1762 794 1828 Et
858 1762 915 1827 si
976 1766 1119 1827 tum
1180 1761 1344 1828 haec
1405 1783 1539 1827 non
1593 1763 1959 1848 cogitabas,
2020 1784 2103 1827 ne
2154 1784 2324 1827 nunc

304 1851 562 1935 quidem
617 1850 976 1916 recordaris
1020 1850 1276 1916 nullum
1325 1871 1464 1915 esse
1509 1854 1769 1915 tantum
1813 1851 2087 1934 malum,
2152 1850 2326 1935 quod

200 1986 284 2052 19
301 1960 435 2005 non
480 1939 605 2003 tibi
648 1961 768 2024 pro
816 1939 1168 2004 sceleribus
1214 1939 1348 2003 tuis
1391 1939 1525 2003 iam
1572 1937 1682 2004 diu
1727 1939 2083 2005 debeatur?

196 2064 265 2114 49
436 2027 515 2092 In
560 2027 790 2094 Asiam
843 2049 997 2094 vero
1050 2032 1404 2113 postquam
1458 2027 1666 2111 venit,
1725 2029 1879 2112 quid
1923 2050 2044 2113 ego
2090 2028 2324 2094 adven·
2352 2055 2406 2096 20

304 2120 411 2180 tus
449 2116 662 2197 istius,
698 2115 988 2201 prandia,
1034 2137 1245 2200 cenas,
1290 2137 1490 2200 equos
1520 2138 1912 2200 muneraque
1940 2136 2325 2181 commemo-

303 2205 484 2268 rem‘?
529 2203 696 2267 nihil
733 2225 879 2269 cum
904 2202 1110 2268 Verre
1153 2202 1230 2267 de
1267 2204 1609 2269 cotidianis
1646 2204 2022 2269 criminibus
2061 2207 2325 2268 acturus

305 2314 478 2375 sum3
523 2289 687 2355 Chio
732 2312 849 2373 per
893 2289 1025 2355 vim
1075 2289 1267 2376 signa
1301 2291 1741 2376 pulcherrima
1776 2292 1917 2358 dico
1956 2292 2326 2376 abstulisse,

301 2380 463 2445 item
521 2377 830 2461 Erythris
902 2381 971 2443 et
1038 2378 1525 2445 Halicarnasso.
1630 2379 1894 2451 Tenedo,
1959 2378 2326 2465 (praetereo

303 2465 673 2551 pecuniam,
743 2487 939 2549 quam
1004 2465 1269 2552 eripuit)
1335 2467 1577 2533 Tenem
1653 2468 1896 2552 ipsum,
1969 2468 2081 2551 qui
2153 2467 2324 2551 apud
2350 2491 2406 2534 25

304 2553 620 2620 Tenedios
666 2554 1111 2620 sanctissimus
1160 2555 1315 2621 deus
1360 2557 1667 2640 habetur,
1713 2557 1824 2639 qui
1867 2556 2094 2621 urbem
2137 2556 2325 2619 illam

305 2642 539 2708 dieitur
593 2643 980 2727 condidisse,
1034 2643 1214 2709 euius
1269 2665 1350 2709 ex
1390 2645 1652 2710 nomine
1698 2643 1991 2708 Tenedus
2034 2643 2325 2708 nomina-

302 2735 429 2815 tur,
472 2732 643 2797 hunc
687 2731 921 2817 ipsum,
966 2732 1251 2816 inquam,
1298 2732 1538 2797 Tenem
1583 2731 2016 2817 pulcherrime
2059 2731 2324 2814 factum,

303 2839 493 2902 quem
564 2819 888 2903 quondam
940 2819 1011 2883 in
1070 2819 1336 2885 comitio
1396 2819 1681 2904 vidistis,
1745 2820 2020 2885 abstulit
2083 2840 2323 2905 magno

195 2916 264 2967 50
302 2928 448 2972 cum
507 2907 757 2993 gemitu
819 2907 1123 2972 civitatis
1222 2906 1351 2972 Illa
1404 2929 1557 2973 vero
1613 2908 1924 2992 expilatio
1978 2907 2118 2973 fani
2163 2907 2325 2973 anti-
2351 2933 2410 2974 so

303 2995 599 3078 quissimi
645 2999 713 3059 et
756 2994 1150 3060 nobilissimi
1185 2994 1452 3060 Iunonis
1501 2993 1755 3061 Samiae
1795 3018 1990 3080 quam
2025 2997 2326 3061 luctuosa

300 3079 537 3147 Samiis
582 3081 728 3167 fuit,
774 3105 970 3167 quam
1008 3083 1241 3151 acerba
1276 3083 1407 3148 toti
1442 3083 1659 3168 Asiae,
1706 3106 1902 3168 quam
1940 3085 2119 3150 clara
2156 3082 2327 3168 apud

302 3192 554 3255 omnes,
609 3192 805 3254 quam
848 3171 1092 3235 nemini
1137 3173 1429 3235 vestrum
1471 3172 1791 3237 inaudita!
1879 3171 1980 3237 De
2030 3194 2160 3256 qua
2220 3193 2328 3236 ex-

298 3259 616 3342 pilatione
663 3280 809 3324 eum
855 3258 1062 3344 legati
1107 3258 1190 3324 ad
1236 3256 1304 3324 C.
1350 3257 1677 3325 Neronem
1735 3261 1806 3325 in
1850 3260 2082 3325 Asiam
2129 3257 2327 3325 Samo

299 3346 648 3430 venissent,
692 3368 1076 3432 responsum
1121 3347 1432 3432 tulerunt,
1477 3349 1614 3414 eius
1657 3348 1835 3414 modi
1871 3348 2328 3432 querimonias,
2356 3371 2414 3413 35

302 3453 465 3515 quae
513 3433 595 3497 ad
639 3433 932 3519 legatum
977 3436 1206 3520 populi
1251 3435 1533 3501 Romani
1576 3436 2008 3520 pertinerent,
2064 3457 2200 3501 non
2245 3435 2331 3500 ad

297 3522 696 3606 praetorem,
755 3522 869 3587 sed
921 3521 1199 3588 Romam
1254 3523 1492 3589 deferri
1548 3528 1867 3610 oportere.
1968 3522 2144 3599 Quas
2200 3524 2333 3588 iste
