2566 4016
669 256 804 315 LIB.
840 256 919 313 IV
982 256 1138 314 CAP.
1177 263 1384 313 39—41
1425 263 1455 323 ξ
1493 263 1717 314 84—89.
2061 255 2190 320 401

192 401 257 465 in
292 401 545 485 oppidis
582 399 866 484 Siciliae3
914 423 992 466 ex
1029 402 1262 485 quibus
1309 401 1435 465 iste
1473 398 1541 471 G.
1566 398 1863 466 Marcelli
1908 405 2196 473 statuam

194 489 446 574 delegit,
492 489 672 554 cuius
712 488 928 554 officia
962 489 1033 554 in
1067 489 1252 554 illam
1290 488 1624 557 civitatem
1668 492 2006 572 totamque
2051 512 2194 574 pro-

192 576 463 641 vinciam
491 577 937 642 recentissima
956 581 1140 642 erant
1169 580 1235 641 et
1261 577 1561 642 maxima.
1594 575 1694 640 ¹In
1722 598 1799 641 ea
1827 574 2194 661 Sopatrum,

192 664 513 730 hominem
552 686 696 730 cum
739 666 915 730 domi
957 665 1266 749 nobilem,
1312 668 1453 730 tum
1501 686 1753 730 summo
1801 665 2196 748 magistratu

143 767 169 809 ⁵
193 753 570 837 praeditum,
616 753 961 819 divaricari
1006 775 1082 819 ac
1126 753 1404 839 deligari
1447 753 1646 818 iubet.
1718 751 1858 827 Quo
1905 752 2194 818 cruciatu
2228 762 2298 814 87

194 841 276 905 sit
329 840 645 925 adfectus,
699 842 916 907 venire
970 841 1041 906 in
1092 846 1378 907 mentem
1422 862 1682 906 necesse
1727 844 1830 905 est
1875 840 2196 924 omnibuS,

191 951 331 994 cum
368 933 541 994 esset
575 930 832 995 vinctus
868 929 1076 996 nudus
1119 930 1191 994 in
1238 935 1403 1031 aere,
1447 929 1518 993 in
1561 929 1776 1011 imbri,
1819 929 1890 994 in
1931 929 2251 1014 frigore..

190 1015 410 1100 Neque
463 1021 686 1083 tamen
729 1018 879 1082 finis
922 1017 1073 1083 huic
1117 1017 1390 1083 iniuriae
1436 1017 1932 1101 crudelitatique
1975 1017 2195 1100 fiebat,

190 1106 385 1170 donec
419 1106 699 1190 populus
738 1110 933 1189 atque
967 1106 1270 1170 universa
1316 1106 1666 1178 multitudo
1712 1105 2056 1170 atrocitate
2099 1105 2196 1169 rei

110 1209 166 1249 10
191 1192 750 1276 misericordiaque
797 1196 1124 1257 commota
1168 1196 1466 1258 senatum
1513 1195 1795 1259 clamore
1842 1192 2075 1277 coegit,
2120 1197 2197 1256 ut

190 1280 301 1343 isti
338 1279 753 1344 simulacrum
789 1281 954 1345 illud
989 1280 1268 1344 Mercuri
1304 1280 1739 1364 polliceretur.
1803 1278 2196 1346 Clamabant

33 1376 35 1411 l
73 1437 78 1442 .
188 1366 343 1451 fore,
378 1367 499 1432 ut
480 1367 608 1452 1psi
638 1388 778 1432 sese
807 1367 874 1432 di
898 1368 1305 1433 immortales
1338 1368 1826 1453 ulciscerentur3
1862 1367 2195 1433 hominem

32 1464 36 1477 '
187 1455 433 1520 interca
458 1455 669 1540 perire
695 1456 1103 1522 innocentem
1130 1477 1263 1521 non
1299 1461 1615 1541 oportere.
1688 1456 1854 1521 Tum
1890 1455 2194 1540 frequens

189 1547 448 1608 senatus
478 1544 560 1608 ad
594 1544 794 1610 istum
831 1545 1029 1626 venit,
1064 1544 1410 1629 pollicetur
1448 1545 1723 1631 signum.
1785 1544 1891 1609 Ita
1918 1541 2195 1630 Sopater

33 1646 35 1683 [
103 1645 163 1687 ιε
187 1631 263 1695 de
326 1636 547 1697 statua
606 1632 673 1697 G.
723 1594 1045 1717 Marcelli,
1109 1655 1254 1699 cum
1317 1633 1449 1697 iam
1511 1655 1717 1718 paene
1780 1632 2198 1720 obriguisset,

33 1736 34 1741 ’
186 1719 291 1783 vix
335 1721 522 1786 vivus
568 1721 876 1810 aufertur.

33 1857 36 1863 .
316 1806 467 1871 Non
512 1805 778 1892 possum
826 1808 1138 1894 disposite
1183 1810 1387 1873 istum
1434 1830 1761 1890 accusare,
1807 1807 1863 1872 si
1909 1808 2207 1891 cupiam3⁷

33 1912 38 1951 ι
187 1914 348 1976 opus
413 1897 514 1958 est
574 1916 706 1959 non
766 1896 979 1960 solum
1031 1896 1322 1981 ingeniO,
1385 1917 1610 1960 verum
1666 1896 1862 1959 etiam
1917 1895 2192 1960 artificio
2210 1944 2296 2007 41

187 1982 466 2067 quodam
505 1982 839 2068 singulari.
918 1981 1137 2047 Unum
1180 1982 1306 2048 hoc
1352 1982 1595 2047 crimen
1639 1982 1895 2048 videtur
1940 2003 2080 2048 esse
2127 1986 2264 2071 etg

32 2083 40 2133 l
99 2085 161 2127 20
187 2091 227 2135 a
262 2093 365 2135 me
400 2093 519 2155 pro
559 2092 686 2135 uno
724 2070 989 2155 ponitur
1025 2071 1102 2135 de
1137 2069 1456 2135 Mercurio
1495 2069 1963 2154 Tyndaritan03
2003 2024 2264 2155 plura8

32 2183 40 2224 r
185 2163 356 2242 sunt,
392 2159 504 2223 sed
541 2180 618 2223 ea
653 2180 779 2242 quo
816 2162 1008 2243 pacto
1047 2158 1443 2243 distinguere
1480 2180 1556 2224 ac
1592 2180 1892 2242 separare
1928 2159 2194 2243 possim,

32 2275 56 2318 ι,
183 2247 419 2312 nescio.
509 2244 635 2311 Est
686 2246 1102 2331 pecuniarum
1160 2250 1524 2331 captarum,
1554 2247 1753 2330 ‚quod
1803 2246 2063 2333 signum
2110 2248 2193 2312 ab

32 2361 40 2404 ι
186 2334 379 2399 sociis
433 2334 742 2418 pecuniae
788 2355 1064 2420 magnae
1109 2334 1402 2419 sustulit,
1457 2338 1557 2404 est
1601 2335 1966 2419 peculatus,
1998 2336 2195 2419 'quod

33 2481 34 2492 ,
180 2421 515 2507 publicum
567 2423 794 2507 populi
838 2422 1118 2488 Romani
1172 2424 1432 2508 signum
1488 2423 1567 2489 de
1618 2423 1860 2509 praeda
1905 2424 2196 2489 hostium

33 2575 34 2582 ,
90 2523 155 2567 2⁵
182 2514 467 2596 captum,
510 2510 799 2596 positum
835 2511 1248 2596 imperatoris
1286 2512 1498 2576 nostri
1531 2512 1793 2577 nomine
1837 2534 1970 2578 non
2015 2512 2195 2577 dubi-

37 2605 38 2612 ’
179 2599 352 2664 tavit
424 2599 703 2683 auferre,
776 2603 877 2664 est
947 2600 1341 2684 maiestatis,
1412 2600 1586 2684 quod
1647 2601 1906 2686 imperii
1966 2602 2195 2685 nostri,

181 2687 460 2771 gloriae,
523 2709 738 2752 rerum
795 2691 1127 2773 gestarum
1183 2692 1602 2754 monumenta
1655 2691 1943 2754 evertere
1999 2693 2194 2771 atque

181 2777 523 2856 asportare
596 2795 789 2839 ausus
863 2779 990 2859 est,
1062 2779 1163 2841 est
1237 2776 1498 2841 sceleris
1507 2826 1526 2860 ,
1599 2776 1771 2860 quod
1842 2776 2192 2860 religiones

33 2921 36 2936 ,
179 2861 501 2925 maximas
537 2861 828 2945 violavit,
866 2866 966 2927 est
1002 2863 1427 2945 crudelitatis,
1473 2862 1644 2947 quod
1679 2863 1748 2927 in
1784 2863 2194 2928 innocentem

33 2987 35 3022 5
83 2965 149 3008 ao
175 2948 538 3031 hominem,
601 2948 671 3012 in
725 2950 974 3014 socium
1026 2954 1314 3015 vestrum
1369 2953 1565 3033 atque
1621 2950 1900 3016 amicum
1951 2972 2193 3016 novum

176 3041 246 3102 et
315 3036 645 3122 singulare
708 3037 1010 3121 supplicii
1075 3058 1278 3123 genus
1334 3038 1757 3123 excogitavit3
1819 3039 1985 3104 illud
2036 3061 2191 3105 vero
2226 3050 2296 3100 89

175 3125 337 3210 quid
383 3126 487 3210 sit,
533 3125 666 3189 iam
708 3147 843 3190 non
888 3147 1052 3209 queo
1100 3126 1326 3209 dicere,
1373 3146 1502 3210 quo
1545 3126 1807 3194 nomine
1852 3127 2195 3213 appellem,

171 3214 470 3298 nescio,
490 3212 661 3297 quod
724 3212 793 3277 in
848 3211 917 3279 O.
962 3212 1257 3280 Marcelli
1315 3217 1550 3280 statua.
1650 3213 1819 3291 Quid
1873 3219 1987 3281 est·
2026 3216 2192 3282 hoc?

170 3306 576 3385 patronusne
632 3302 805 3385 quod
859 3301 1045 3367 erat?
1127 3301 1295 3377 Quid
1346 3302 1534 3368 tum?
1608 3325 1735 3387 quo
1785 3304 1851 3369 id
1897 3304 2192 3388 spectat?

33 3431 34 3434 =
78 3405 142 3448 ³5
171 3393 400 3455 utrum
457 3412 533 3456 ea
586 3411 690 3454 res
748 3390 830 3455 ad
874 3412 1065 3475 opem
1112 3413 1196 3455 an
1242 3391 1323 3455 ad
1369 3391 1812 3457 calamitatem
1857 3393 2191 3459 clientium

169 3481 375 3561 atque
410 3477 744 3563 hospitum
780 3478 998 3544 valere
1035 3478 1357 3544 debebat?
1402 3501 1487 3545 an
1522 3484 1597 3546 ut
1630 3480 1756 3546 hoc
1802 3482 2191 3567 ostendereS‚

168 3567 409 3630 contra
436 3567 569 3631 vim
596 3571 778 3631 tuam
806 3567 876 3631 in
910 3567 1205 3651 patronis
1242 3568 1549 3652 praesidii
1584 3568 1751 3633 nihil
1789 3569 1971 3635 esse?
2031 3571 2190 3648 Quis

282 3676 393 3719 010.
421 3678 485 3718 11.
535 3681 569 3718 1.
1694 3679 1762 3727 26
