2566 4016
291 214 420 279 190
879 212 959 267 ΙΝ
998 212 1055 267 C.
1093 210 1403 266 VERREM
1438 211 1597 266 ACT.
1635 212 1705 267 11.

184 381 284 431 135
324 380 463 425 esse
527 358 886 424 confirmat.
975 355 1167 422 Nova
1229 378 1335 421 res
1400 360 1595 440 atque
1656 355 2010 445 improvisa
2072 357 2313 442 pupilli

287 447 626 513 calamitas
670 445 1011 511 nuntiatur
1058 445 1282 510 statim
1330 443 1399 511 O.
1444 445 1715 529 Musti0,
1774 444 2007 510 vitrico
2054 446 2312 530 pupilli,

288 536 398 619 qui
459 557 666 620 nuper
730 537 830 599 est
895 537 1218 618 mortuus,
1280 532 1368 597 M.
1431 533 1619 597 Iunio
1682 536 1948 618 patru0,
2008 531 2077 597 P.
2134 533 2309 599 Titio

283 623 518 708 tutori,
584 623 834 688 homini
888 621 1353 707 frugalissimo.
1444 620 1536 684 Hi
1590 642 1727 686 rem
1787 621 1869 685 ad
1915 621 2128 686 virum
2181 623 2309 706 pri-

284 711 563 776 marium
610 731 862 776 summo
910 710 1121 774 officio
1169 732 1243 775 ac
1288 709 1530 774 virtute
1575 709 1960 794 praeditum,
2004 708 2091 774 M.
2138 709 2308 775 Mar·
2335 728 2364 771 ⁵

285 800 549 884 cellum,
614 799 726 883 qui
789 801 929 862 erat
992 797 1227 883 pupilli
1290 801 1499 881 tutor,
1563 796 1876 863 deferunt.
1964 796 2166 862 Venit
2225 798 2309 864 ad

282 888 557 952 Verrem
623 887 710 951 M.
763 885 1111 951 Marcellus
1121 936 1140 971 ,
1202 886 1370 971 petit
1427 886 1510 950 ab
1565 907 1640 950 eo
1695 907 1815 971 pro
1873 907 1990 951 sua
2042 885 2168 950 fide
2233 908 2308 952 ac

285 975 625 1061 diligentia
677 973 974 1059 pluribus
1028 973 1274 1058 verbis,
1327 995 1411 1038 ne
1463 995 1581 1058 per
1639 995 1958 1039 summam
2002 974 2305 1038 iniuriam

281 1064 604 1149 pupillum
672 1062 931 1127 Iunium
999 1061 1281 1126 fortunis
1352 1061 1587 1146 patriis
1659 1066 1928 1127 conetur
1998 1067 2305 1127 evertere.

281 1151 442 1237 Iste,
499 1151 611 1233 qui
663 1151 796 1216 iam
851 1171 964 1235 spe
1020 1153 1215 1234 atque
1271 1149 1573 1234 opinione
1617 1149 1927 1235 praedam
1972 1150 2155 1215 illam
2202 1150 2306 1215 de-
2336 1171 2393 1211 10

282 1244 595 1322 vorasset,
639 1260 847 1324 neque
892 1238 1030 1303 ulla
1071 1238 1396 1322 aequitate
1435 1237 1750 1303 orationis
1785 1259 1992 1324 neque
2031 1239 2307 1304 auctori-

282 1333 420 1394 tate
447 1328 534 1393 M.
562 1326 859 1393 Marcelli
886 1329 1248 1392 commotus
1277 1330 1379 1391 est
1412 1326 1653 1411 itaque,
1693 1348 1884 1411 quem
1922 1327 2004 1392 ad
2040 1327 2306 1393 modum

181 1436 280 1486 136
320 1415 729 1496 ostendisset,
765 1435 833 1478 se
861 1415 929 1479 id
964 1418 1340 1479 exacturum
1378 1436 1518 1479 esse
1556 1414 1909 1499 respondit.
1984 1412 2151 1481 Cum
2180 1415 2306 1480 sibi

285 1524 507 1568 omnes
564 1503 646 1567 ad
698 1502 900 1567 istum
946 1502 1391 1588 adlegationes
1438 1502 1762 1588 difficiles,
1818 1524 2041 1568 omnes
2090 1503 2304 1569 aditus

283 1591 518 1657 arduos
565 1612 640 1656 ac
684 1590 903 1675 potius
947 1590 1335 1655 interclusos
1380 1591 1690 1675 viderent,
1736 1592 1908 1676 apud
1944 1613 2139 1676 quem
2173 1614 2306 1657 non
2335 1611 2390 1653 ιε

280 1681 410 1761 ius,
470 1700 603 1744 non
667 1679 989 1764 aequitas,
1050 1700 1182 1744 non
1240 1679 1711 1762 misericordia,
1772 1701 1906 1744 non
1956 1681 2305 1765 propinqui

283 1767 511 1852 orati0,
554 1788 689 1833 non
734 1767 926 1832 amici
970 1767 1300 1852 voluntaS,
1344 1789 1479 1832 non
1523 1768 1901 1851 cuiusquam
1948 1769 2303 1834 auctoritas

284 1860 428 1942 [pro
475 1856 734 1941 pretio],
778 1877 911 1921 non
957 1856 1174 1941 gratia
1217 1855 1483 1940 valeret,
1531 1859 1830 1921 statuunt
1869 1856 1937 1921 id
1975 1857 2103 1921 sibi
2139 1857 2305 1942 opti-

281 1967 460 2011 mum
489 1966 627 2011 esse
652 1945 851 2030 factu,
887 1945 1061 2031 quod
1088 1944 1289 2011 cuivis
1317 1943 1603 2010 venisset
1637 1945 1707 2010 in
1745 1948 2045 2030 mentem,
2081 1950 2302 2031 petere

283 2035 594 2100 auxilium
648 2058 688 2101 a
735 2032 1116 2117 Chelidone,
1171 2055 1335 2118 quae
1389 2033 1520 2098 isto
1574 2038 1875 2118 praetore
1932 2055 2063 2099 non
2106 2034 2300 2099 modo
2334 2054 2391 2095 πο

279 2124 350 2187 in
394 2123 534 2188 iure
580 2123 754 2189 civili
799 2123 1331 2207 privatorumque
1369 2122 1658 2187 omnium
1696 2121 2151 2188 controversiis
2188 2143 2303 2206 po-

176 2275 263 2341 52
281 2209 1461 2381 Pfflaissssffffssssinzzzessffffvlffiuffl
1480 2214 1902 2364 efflat..
1921 2210 2305 2382 ἓῗίαηέἷῖξέῗ

178 2354 278 2403 137
318 2407 512 2467 eques
531 2386 883 2469 Romanus,
910 2384 1312 2470 publicanus,
1336 2384 1535 2451 homo
1557 2409 1702 2452 cum
1721 2387 1950 2472 primis
1970 2386 2303 2470 honestus,

278 2472 460 2538 venit
512 2471 599 2536 M.
654 2471 905 2557 Iunius,
967 2475 1239 2557 patruus
1295 2474 1506 2559 pueri,
1564 2475 2048 2561 frugalissimus
2103 2475 2301 2540 homo
2332 2493 2386 2534 2⁵

281 2564 347 2625 et
410 2560 839 2642 castissimus,
898 2560 1079 2626 venit
1130 2561 1329 2626 homo
1395 2584 1648 2628 summo
1711 2563 1983 2648 pudore,
2046 2584 2301 2628 summo

280 2648 523 2735 officio,
579 2648 1093 2733 spectatissimus
1141 2650 1383 2714 ordinis
1430 2651 1559 2735 sui,
1601 2650 1673 2717 P.
1720 2651 1932 2718 Titius
1979 2655 2175 2717 tutor.
2245 2650 2301 2716 Ο

278 2738 505 2803 multis
560 2737 886 2822 acerbam,
942 2759 981 2802 o
1036 2738 1343 2803 miseram
1399 2742 1593 2822 atque
1646 2740 1982 2826 indignam
2043 2743 2303 2825 praetu-

277 2848 420 2893 ram
465 2828 673 2892 tuam!
764 2824 859 2892 Ut
906 2826 1208 2892 omittam
1254 2831 1495 2911 cetera,
1551 2849 1677 2911 quo
1733 2828 1999 2893 tandem
2054 2828 2301 2913 pudore

276 2916 431 2981 talis
503 2915 679 2980 viros
690 2965 708 2999 ,
782 2936 908 3000 quo
983 2914 1204 2980 dolore
1276 2916 1636 2981 meretricis
1710 2916 1973 2982 domum
2046 2916 2301 2981 venisse
2331 2934 2386 2974 so

278 3003 731 3070 arbitramini?
780 3003 891 3088 qui
934 3023 1290 3087 numquam
1334 3004 1473 3068 ulla
1519 3004 1889 3069 condicione
1933 3005 2132 3070 istam
2167 3008 2304 3069 tur-

275 3092 636 3177 pitudinem
684 3092 1027 3175 subissent,
1070 3092 1198 3156 nisi
1237 3090 1434 3157 officii
1470 3092 2091 3178 necessitudinisque
2127 3094 2302 3158 ratio

277 3181 615 3267 coegisset.
696 3179 1005 3264 Veniunt,
1048 3184 1123 3245 ut
1168 3179 1338 3265 dioc,
1390 3180 1471 3245 ad
1518 3178 1958 3246 Chelidonem.
2049 3181 2305 3246 Domus

277 3273 418 3333 erat
480 3269 700 3352 plena3
762 3290 935 3334 nova
992 3268 1160 3352 iura,
1230 3290 1405 3335 nova
1468 3268 1750 3355 decreta,
1821 3291 1994 3335 nova
2065 3268 2306 3335 iudicia

273 3354 680 3439 petebantur.
771 3355 959 3421 ‘Mihi
1004 3356 1113 3421 det
1158 3357 1652 3442 possessionem,
1703 3358 1865 3423 mihi
1907 3379 1989 3424 ne
2037 3358 2307 3441 adimat,
2334 3375 2389 3416 ³5

274 3440 346 3503 in
416 3464 519 3505 me
580 3443 888 3509 iudicium
949 3466 1031 3510 ne
1097 3445 1231 3531 det,
1306 3446 1471 3511 mihi
1536 3446 1708 3512 bona
1764 3444 2062 3512 addicat?
2162 3445 2308 3510 Alii

276 3548 575 3593 nummos
621 3532 1069 3618 numerabant,
1115 3533 1198 3598 ab
1246 3534 1393 3600 aliis
1429 3536 1714 3603 tabellae
1753 3535 2307 3623 obsignabantur3
