2566 4016
272 204 404 268 252
874 201 953 256 IN
991 202 1048 258 C.
1077 200 1386 256 VERREM
1422 200 1577 256 ACT.
1616 201 1683 255 H.

272 347 630 434 pecuniam.
710 343 885 411 Nam
922 346 980 410 si
1024 367 1143 430 per
1185 367 1298 411 eos
1345 349 1602 411 statuae
1645 344 1918 428 fiebant,
1965 366 2006 409 a
2052 344 2291 428 quibus

272 436 396 501 tibi
417 435 544 500 iste
566 436 776 501 honos
803 434 1186 519 habebatur,
1215 433 1435 518 audi03
1465 434 1566 499 sin
1595 432 1990 498 Timarchidi
2015 432 2291 517 pecunia

270 524 767 606 numerabatur,
833 522 1078 606 desine,
1147 544 1416 607 quaeso,
1481 521 1788 586 simulare
1851 526 1945 604 te,
2008 542 2157 586 cum
2217 521 2292 586 in

272 611 807 678 manifestissimo
867 611 1046 675 furto
1108 615 1398 694 teneare,
1471 610 1722 696 gloriae
1785 609 2149 674 studiosum
2213 630 2292 675 ac

274 704 844 766 monumentorum
886 698 1107 764 fuisse.
2322 715 2356 757 ο

407 788 576 864 Quid
615 787 815 853 vero?
861 786 1126 851 modum
1173 790 1540 851 statuarum
1582 785 1812 850 haberi
1854 785 2111 850 nullum
2154 786 2292 871 pla·

171 890 273 939 145
308 876 454 942 cet‘?
536 876 630 939 At
673 875 744 939 ui
794 874 1115 940 habeatur
1161 896 1423 939 necesse
1480 877 1598 940 est.
1679 872 1941 938 Etenim
1995 873 2092 938 sic
2145 895 2293 939 con-

274 964 572 1028 siderate.
701 984 1065 1046 yracusana
1109 962 1365 1046 civitas,
1410 965 1485 1026 ut
1531 983 1675 1027 eam
1719 961 2136 1045 potissimum
2178 983 2293 1026 no-

273 1052 541 1134 minem,
597 1051 773 1133 dedit
825 1051 954 1136 ipsi
1004 1054 1292 1116 statuam
1338 1086 1422 1097 -—
1471 1053 1573 1115 est
1616 1049 1825 1114 honos
1869 1087 1958 1096 —-
2004 1053 2071 1114 et
2112 1049 2294 1135 patri

277 1177 353 1188 —
416 1140 594 1205 bella
644 1139 806 1204 haec
849 1138 1115 1223 pietatis
1162 1144 1229 1204 et
1274 1142 1668 1222 quaestuosa
1714 1137 2046 1202 simulatio
2094 1174 2180 1185 --
2225 1142 2296 1202 et
2326 1156 2385 1198 ιο

271 1228 410 1293 filio
459 1264 543 1275 —-
587 1227 748 1293 ferri
781 1227 906 1292 hoc
943 1230 1188 1311 potest3
1232 1227 1406 1292 hunc
1442 1226 1617 1291 enim
1653 1247 1926 1310 puerum
1969 1247 2102 1290 non
2147 1226 2295 1291 ode-

273 1321 452 1399 rant3
513 1338 740 1381 verum
804 1316 1103 1399 quotiens
1167 1320 1235 1380 et
1290 1319 1450 1398 quot
1503 1314 1874 1379 nominibus
1931 1337 1972 1379 a
2024 1312 2296 1398 Syracu·

276 1404 451 1468 sanis
515 1407 771 1468 statuas
827 1403 1124 1467 auferes?
1223 1401 1319 1467 Ut
1371 1403 1441 1466 in
1493 1402 1638 1468 foro
1694 1406 2083 1486 statuerent,
2148 1403 2293 1467 abs·

274 1490 514 1574 tulisti,
568 1493 642 1555 ut
685 1490 757 1553 in
801 1491 1006 1574 curia,
1062 1490 1364 1575 coegisti,
1418 1495 1494 1554 ut
1538 1491 1878 1574 pecuniam
1924 1490 2295 1556 conferrent

273 1580 344 1642 in
408 1599 517 1643 eas
574 1581 856 1661 statuas,
921 1598 1085 1661 quae
1139 1576 1389 1642 Romae
1442 1582 1863 1662 ponerentur,
1925 1579 2381 1663 imperasti315

273 1670 350 1731 ut
396 1664 568 1730 idem
614 1665 845 1732 darent
888 1665 1189 1730 homines·
1229 1670 1564 1731 aratorum
1607 1665 1897 1750 nominc;
1954 1667 2298 1751 dederunt3

273 1759 349 1820 ut
410 1754 583 1819 idem
644 1775 764 1838 pro
827 1758 1016 1840 parte
1067 1754 1138 1819 in
1191 1776 1529 1819 commune
1585 1751 1844 1819 Siciliae
1898 1755 2298 1839 conferrent3

276 1843 476 1908 etiam
511 1842 579 1907 id
624 1843 1053 1908 contulerunt.
1124 1840 1275 1907 Una
1311 1843 1540 1908 civitas
1582 1864 1730 1907 cum
1773 1846 1877 1908 tot
1919 1844 2297 1909 nominibus

275 1931 614 2017 pecuniam
677 1931 1028 1997 contulerit
1087 1930 1387 2015 idemque
1449 1931 1574 1995 hoc
1637 1931 1935 1996 civitates
2000 1936 2298 1997 caeterae

273 2020 573 2104 fecerint,
635 2042 850 2086 nonne
912 2042 1017 2085 res
1080 2020 1224 2104 ipsa
1287 2041 1405 2084 vos
1465 2020 1796 2104 admonet,
1861 2023 1963 2101 [ut
2016 2021 2295 2104 putetis]
2326 2040 2382 2081 ιο

277 2109 542 2174 modum
605 2108 889 2192 aliquem
951 2109 1101 2172 huic
1163 2107 1507 2192 cupiditati
1569 2108 1882 2172 constitui
1944 2110 2295 2193 oportere?

276 2195 487 2271 Quid?
559 2196 616 2259 si
678 2196 802 2261 hoc
864 2196 1203 2262 voluntate
1266 2216 1387 2259 sua
1445 2196 1630 2260 nulla
1693 2196 1925 2261 civitas
1988 2197 2169 2281 fecit,
2237 2198 2299 2261 si

278 2306 500 2349 omnes
563 2282 866 2366 imperio,
930 2286 1133 2365 metu,
1196 2283 1291 2365 vi,
1354 2284 1530 2349 malo
1585 2284 1900 2349 adductae
1952 2285 2298 2369 pecuniam

277 2375 644 2435 statuarum
698 2370 959 2434 nomine
1009 2370 1450 2455 contulerunt,
1504 2394 1621 2457 per
1668 2373 1821 2436 deos
1866 2373 2298 2457 immortales,

274 2479 433 2523 num
477 2457 580 2522 cui
625 2456 891 2522 dubium
937 2478 1077 2522 csse
1122 2459 1393 2544 poterit,
1450 2460 1632 2544 quin,
1680 2460 1941 2525 etiamsi
1986 2462 2301 2526 statuerit
2327 2479 2383 2521 π

278 2544 566 2628 accipere
604 2544 687 2609 ad
724 2548 977 2611 statuas
1014 2546 1226 2630 licere,
1269 2547 1442 2612 idem
1478 2552 1701 2613 tamen
1745 2551 1999 2614 statuat
2045 2550 2302 2634 eripere

174 2646 275 2695 146
313 2637 486 2699 certe
521 2654 655 2698 non
690 2633 926 2699 licere?
989 2634 1280 2702 Primum
1315 2636 1521 2721 igitur
1556 2636 1627 2700 in
1661 2636 1829 2701 hanc
1872 2659 2012 2702 rem
2055 2641 2302 2703 testem

277 2726 488 2786 totam
525 2720 814 2786 Siciliam
851 2722 1088 2806 citabo,
1135 2745 1302 2807 quae
1339 2724 1501 2788 mihi
1545 2745 1676 2788 una
1721 2746 1878 2790 voce
1926 2728 2302 2790 statuarum

276 2810 537 2876 nomine
610 2830 917 2895 magnam
987 2811 1331 2894 pecuniam
1400 2833 1516 2896 per
1584 2812 1720 2876 vim
1793 2817 2086 2878 coactam
2151 2835 2302 2878 esse

277 2899 695 2964 demonstret.
798 2898 972 2963 Nam
1043 2899 1406 2985 legationes
1470 2900 1759 2964 omnium
1823 2902 2163 2967 civitatum
2226 2902 2304 2966 in
2329 2919 2387 2960 oo

276 2986 629 3071 postulatis
658 2987 1126 3071 communibm,
1155 3009 1323 3071 quae
1348 2987 1485 3052 fere
1515 2988 1735 3052 omnia
1761 3010 1841 3054 ex
1869 2990 2002 3053 tuis
2039 2989 2303 3055 iniuriis
2417 3023 2422 3028 ·

275 3079 435 3140 nata
482 3080 658 3157 sunt,
707 3075 906 3139 etiam
950 3075 1076 3140 hoc
1121 3074 1486 3159 ediderunt,
1516 3076 1623 3142 UT
1671 3093 1973 3143 STATUAS
2019 3095 2114 3143 NE
2163 3094 2303 3162 cm,

278 3179 416 3228 msl
457 3180 599 3228 οῦκ
642 3179 703 3228 18
750 3180 847 3227 DE
893 3180 1269 3228 PROVINCIA
1313 3180 1786 3248 DECEsslssE'r,
1830 3182 2306 3231 munemn-

172 3253 261 3319 60
279 3267 432 3314 TUR.
523 3249 651 3315 Tot
702 3255 1037 3335 praetores
1092 3251 1162 3315 in
1206 3248 1430 3317 Sicilia
1481 3251 1772 3336 fuerunt,
1824 3254 2069 3317 totiens
2124 3255 2308 3338 apud

279 3337 560 3401 maiores
603 3342 867 3404 nostros
914 3336 1115 3403 Siculi
1160 3343 1459 3405 senatum
1504 3339 1829 3426 adierunt,
1884 3342 2130 3407 totiens
2174 3343 2310 3408 hac
2337 3359 2395 3402 ω

281 3423 619 3506 memoria3
671 3430 895 3490 tamen
944 3426 1212 3492 huiusce
1264 3428 1420 3493 novi
1473 3428 1794 3512 postulati
1849 3450 2054 3515 genus
2100 3433 2310 3514 atque

177 3518 278 3568 14⁷
315 3507 704 3592 principium
725 3516 843 3576 tua
862 3517 1170 3597 praetura
1196 3515 1440 3580 attulit.
1495 3513 1663 3588 Quid
1692 3517 1865 3583 enim
1886 3522 2027 3583 tam
2053 3539 2311 3584 novum
