2566 4016
705 223 839 279 LIB.
876 224 957 279 111
1012 222 1163 279 CAP.
1203 230 1413 281 84-86
1454 230 1747 281 194—199.
2107 227 2235 292 351

215 368 424 434 Video
479 389 621 434 esse
674 368 848 433 binis
893 367 1022 434 HS.
1077 405 1163 414 —
1219 367 1389 443 Quid
1439 389 1598 454 ergo
1654 391 1696 433 a
1739 391 1843 434 me
1887 370 2011 435 tibi
2053 392 2238 436 num-

218 479 473 524 morum
528 457 669 521 dari
722 460 969 540 potest,
1021 478 1167 521 cum
1224 460 1488 521 senatus
1541 457 1667 521 tibi
1722 461 2069 542 quaternos
2126 458 2237 524 HS

219 545 508 611 dederit?
568 580 644 591 -—
706 543 874 620 Quid
926 544 1181 629 poscit?
1271 544 1614 609 Attendite
1669 548 1761 628 et,
1815 567 1933 610 vos
1979 568 2237 631 quaeso,

216 634 485 715 iudices,
540 632 735 698 simul
788 633 1188 717 aequitatem
1241 633 1562 717 praetoris
1610 633 1946 698 attendite.
2032 633 2202 708 Qua-
2242 649 2342 699 197

165 740 192 781 s
216 726 437 787 ternos
485 718 625 803 HS,
679 742 841 804 quos
897 721 1059 785 mihi
1110 725 1373 787 senatus
1421 721 1703 786 decrevit
1748 725 1815 785 et
1861 743 1939 786 ex
1985 723 2237 788 aerario

220 810 420 892 dedit,
477 830 598 894 ego
653 809 909 874 habebo
966 813 1032 874 et
1084 809 1156 873 in
1207 809 1442 874 cistam
1498 810 1890 875 transferam
1941 809 2020 874 de
2063 811 2238 876 fisco.

218 934 303 946 —-
325 896 493 973 Quid
518 896 795 982 postea?
835 897 1033 981 quid?
1059 930 1148 945 --·
1174 896 1302 962 Pro
1333 897 1610 983 singulis
1637 898 1891 982 modiiS,
1920 920 2083 982 quos
2112 899 2239 963 tibi

215 986 495 1071 impero,
548 990 625 1050 tu
677 983 840 1049 mihi
893 989 1163 1050 octonos
1215 983 1328 1050 HS
1386 986 1557 1051 dato.
1618 1022 1693 1032 -
1753 984 1895 1062 Qua
1938 987 2239 1052 ratione?

223 1111 300 1121 -
351 1073 521 1150 Quid
566 1073 825 1157 quaeris
870 1074 1233 1139 rationem?
1289 1095 1424 1140 non
1464 1078 1722 1139 tantam
1759 1074 2089 1139 ,rationem
2132 1097 2238 1140 res

136 1181 189 1222 ιο
217 1162 446 1245 habet,
513 1166 823 1245 quantam
884 1161 1241 1227 utilitatem
1308 1166 1504 1247 atque
1556 1161 1885 1247 praedam.
1946 1199 2037 1209 -—
2097 1162 2239 1246 Dic,

220 1250 339 1333 dic,
384 1249 597 1333 inquit
632 1249 764 1331 ille,
809 1250 1088 1333 planius.
1161 1247 1438 1315 Senatus
1483 1253 1552 1315 te
1596 1250 1807 1315 voluit
1852 1249 2016 1315 mihi
2058 1271 2240 1315 num-

219 1360 389 1420 mos,
434 1359 539 1402 me
584 1337 710 1402 tibi
752 1337 1150 1403 frumentum
1195 1338 1378 1421 dare3
1422 1342 1499 1403 tu
1543 1360 1653 1403 eos
1698 1360 2029 1422 nummos,
2076 1359 2238 1422 quos

218 1426 382 1491 mihi
452 1430 716 1493 senatus
792 1426 945 1492 dare
1017 1427 1252 1510 voluit,
1324 1426 1465 1509 ipse
1526 1426 1760 1509 habes3
1833 1449 1873 1491 a
1935 1448 2064 1509 me,
2137 1426 2240 1491 cui

219 1515 514 1602 singulos
597 1514 739 1580 dari
821 1514 1119 1580 denarios
1202 1514 1523 1599 oportuit,
1603 1514 1794 1578 binos
1877 1514 2091 1579 aufers
2167 1519 2239 1578 et

136 1619 190 1661 1⁵
218 1603 369 1669 huic
437 1603 716 1687 praedae
788 1625 863 1668 ac
936 1603 1285 1687 direptioni
1348 1603 1549 1668 cellae
1611 1623 1850 1668 nomen
1911 1602 2240 1687 imponis?

216 1690 396 1757 Haec
451 1693 673 1757 deerat
724 1691 962 1757 iniuria
1017 1695 1084 1756 et
1124 1691 1288 1756 haec
1334 1690 1673 1756 calamitas
1722 1691 2090 1756 aratoribus
2135 1694 2204 1755 te
2243 1713 2344 1763 198

218 1783 549 1862 praetore,
603 1802 733 1862 qua
785 1779 1053 1862 reliquis
1100 1779 1383 1845 fortunis
1432 1778 1731 1844 omnibus
1778 1782 2238 1843 everterentur.

218 1865 393 1930 Nam
421 1866 576 1948 quid
604 1888 744 1929 esse
770 1867 1006 1948 reliqui
1034 1871 1295 1948 poterat
1323 1868 1399 1950 ei,
1438 1867 1549 1950 qui
1580 1888 1699 1950 per
1731 1866 1899 1931 hanc
1934 1865 2239 1931 iniuriam

218 1975 355 2020 non
406 1953 598 2019 modo
652 1952 937 2018 fructum
994 1975 1250 2020 omnem
1305 1954 1667 2039 amitteret,
1728 1953 1839 2020 sed
1894 1953 2093 2019 etiam
2146 1953 2241 2019 in·

136 2061 192 2102 20
221 2045 660 2108 strumentum
694 2041 966 2107 vendere
1004 2043 1388 2127 cogeretur?
1461 2043 1758 2119 Quonam
1796 2064 1866 2107 se
1910 2044 2240 2110 verteret?

220 2153 299 2195 ex
363 2153 489 2216 quo
542 2130 761 2196 fructu
812 2151 1141 2213 nummos,
1204 2151 1368 2213 quos
1422 2130 1548 2194 tibi
1602 2131 1813 2214 daret,
1873 2129 2239 2196 inveniret?

217 2219 654 2284 Decumarum
714 2217 976 2284 nomine
1035 2222 1292 2283 tantum
1348 2222 1487 2283 erat
1542 2218 1863 2303 ablatum,
1927 2223 2240 2303 quantum

219 2308 524 2372 voluntas
562 2308 807 2372 tulerat
824 2305 1094 2390 Aproni,
1138 2328 1257 2392 pro
1298 2306 1523 2371 alteris
1561 2305 1844 2372 decumis
1891 2311 2240 2391 emptoque

218 2396 547 2461 frumento
586 2400 701 2461 aut
744 2395 911 2460 nihil
958 2395 1182 2461 datum
1229 2399 1345 2460 aut
1388 2398 1650 2460 tantum
1697 2395 1994 2479 [datum],
2041 2418 2238 2481 quan-

135 2501 191 2544 25
219 2489 361 2551 tum
397 2485 633 2570 reliqui
668 2484 919 2550 scribae
953 2484 1261 2567 fecerant,
1308 2487 1423 2549 aut
1467 2484 1642 2548 ultro
1691 2483 1907 2566 etiam,
1950 2484 2019 2548 id
2066 2485 2239 2570 quod

220 2573 561 2657 didicistis,
614 2573 930 2639 ablatum.
1018 2571 1356 2658 Cogantur
1411 2571 1609 2636 etiam
1664 2572 1915 2636 nummi
1970 2572 2051 2636 ab
2101 2594 2237 2638 ara-
2259 2578 2343 2643 86

218 2662 405 2726 tore‘?
452 2683 580 2744 quo
626 2661 844 2746 m0d0,
891 2682 1019 2743 quo
1064 2661 1231 2744 iure,
1278 2682 1406 2745 quo
1454 2659 1791 2742 exemplo?
1871 2658 2047 2724 Nam
2092 2681 2237 2724 oum

217 2749 469 2812 fructus
543 2748 1016 2832 diripiebantur
1087 2752 1420 2813 aratorum
1494 2750 1689 2830 atque
1757 2746 1936 2811 omni
1998 2747 2238 2810 lacera-

219 2838 461 2901 bantur
530 2834 793 2918 iniuria,
863 2835 1205 2901 videbatur
1266 2835 1337 2898 id
1408 2834 1675 2917 perdere
1743 2837 1992 2916 arator,
2066 2833 2239 2916 quod

135 2944 192 2986 so
222 2927 443 2991 aratro
489 2922 629 3007 ipse
677 2922 1062 3006 quaesisset,
1106 2923 1177 2987 in
1222 2943 1349 3006 quo
1398 2922 1829 3004 elaborasset,
1875 2920 2048 3004 quod
2094 2921 2240 3006 agri

222 3016 602 3099 segetesque
675 3009 1086 3092 extulissent3
1161 3010 1396 3093 quibus
1468 3007 1721 3073 iniuriis
1795 3007 2201 3094 gravissimis
2242 3022 2340 3072 199

220 3108 443 3167 tamen
495 3097 660 3163 illud
705 3101 849 3163 erat
893 3097 1203 3162 miserum
1247 3094 1590 3181 solacium,
1644 3095 1815 3179 quod
1858 3096 1927 3160 id
1969 3095 2238 3181 perdere

219 3190 580 3268 videbatur,
625 3186 797 3270 quod
834 3185 964 3250 alio
1002 3188 1303 3270 praetore
1340 3184 1564 3250 eodem
1601 3206 1679 3249 ex
1726 3205 1885 3270 agro
1931 3205 2236 3269 reparare

220 3282 460 3364 posset.
532 3273 852 3340 Nummos
887 3296 1042 3339 vero
1078 3277 1154 3339 ut
1190 3274 1300 3339 det
1337 3276 1577 3357 arator,
1620 3295 1786 3357 quos
1821 3294 1955 3338 non
1996 3276 2237 3357 exarat,

138 3383 191 3427 aa
221 3388 383 3451 quos
434 3386 569 3430 non
622 3367 842 3430 aratro
890 3384 965 3428 ac
1010 3384 1205 3428 manu
1252 3362 1532 3447 quaerit,
1585 3362 1787 3427 boves
1833 3365 1899 3426 et
1945 3365 2237 3426 aratrum

219 3456 435 3537 ipsum
489 3456 684 3536 atque
738 3474 928 3517 omne
981 3451 1486 3517 instrumentum
1531 3451 1770 3515 vendat
1813 3471 2072 3515 necesse
2119 3454 2236 3515 est.

219 3541 285 3607 N
289 3563 379 3606 on
399 3540 567 3606 enim
599 3541 849 3608 debetis
876 3541 1001 3608 hoc
1034 3540 1351 3627 cogitare:
1388 3540 1589 3606 habet
1624 3538 1795 3606 idem
1829 3539 1899 3603 in
1933 3538 2236 3622 nummis,
