2566 4016
260 531 303 596 5

337 213 470 278 432
928 211 1008 265 IN
1047 211 1103 267 C.
1142 211 1449 267 VERREM
1484 211 1643 267 ACT.
1682 213 1752 269 11.

337 360 412 423 ut
438 378 560 441 par
591 355 736 440 fuit,
770 357 953 422 iussu
990 355 1127 421 eius
1161 355 1479 440 homines,
1504 355 1630 439 ,(1111
1669 354 1983 437 [fuJerant
2018 357 2377 443 nominati,

338 444 787 530 comprehensi
836 447 987 509 sunt
1039 443 1426 528 adductique
1471 443 1887 528 Lilybaeum3
1943 445 2206 511 domino
2260 447 2373 512 de-

339 533 713 598 nuntiatum
768 536 894 617 est,
953 553 1150 598 causa
1204 531 1405 615 dicta,
1463 531 1771 597 damnati.
1861 530 2030 607 Quid
2085 533 2375 600 deinde?

338 621 493 706 quid
558 620 877 687 censetis?
946 620 1197 685 furtum
1260 617 1545 685 fortasse
1599 624 1715 686 aut
1767 621 2076 706 praedam
2133 643 2378 707 expec-

337 710 498 775 tatis
565 710 870 794 aliquam.
959 706 1185 773 Nolite
1236 729 1443 792 usque
1498 729 1752 793 quaque
1805 709 1975 774 idem
2031 730 2376 794 quaerere.
2403 732 2432 773 5

281 836 286 839 Δ
337 798 417 863 111
462 802 642 862 metu
684 797 844 861 belli
888 795 1150 861 furandi
1194 796 1375 861 locus
1423 797 1535 881 qui
1579 800 1802 881 potest
1847 797 2031 862 esse?
2097 799 2378 865 etiamsi

340 908 470 970 qua
521 885 650 950 fuit
700 885 772 948 in
823 884 950 949 hac.
999 906 1070 949 re
1125 884 1378 949 occasio
1386 934 1405 968 ,
1460 885 1924 969 praetermissa
1977 890 2093 951 est.
2193 887 2377 953 Tum

339 973 557 1058 potuit
619 994 660 1038 a
723 971 1009 1037 Leonida
1070 993 1485 1038 nummorum
1551 972 1798 1058 aliquid
1862 971 2141 1059 auferre,
2212 997 2378 1042 cum

342 1060 764 1145 denuntiavit,
809 1064 885 1125 ut
922 1059 1204 1144 adesset3
1247 1059 1376 1125 fuit
1415 1060 1800 1126 nundinatio
1848 1061 2085 1146 aliqua,
2133 1067 2202 1127 et
2253 1065 2379 1130 isti

339 1171 474 1214 non
515 1171 713 1231 nova,
765 1169 846 1213 ne
893 1170 1155 1215 causam
1202 1147 1514 1233 dicerent3
1570 1149 1769 1214 etiam
1816 1150 1983 1214 alter
2026 1151 2243 1237 100110,
2299 1158 2381 1218 ut
2407 1173 2451 1214 ιο

343 1238 864 1320 absolverentur3
900 1236 1226 1302 damnatis
1262 1235 1535 1321 quidem
1559 1238 1763 1303 servis
1803 1260 1967 1323 quae
2002 1240 2380 1323 praedandi

309 1330 562 1410 'potest
606 1347 747 1391 esse
792 1325 1005 1390 ratio?
1057 1324 1326 1410 produci
1370 1324 1454 1390 ad
1499 1325 1889 1411 supplicium
1931 1346 2197 1393 necesse
2250 1335 2379 1395 est.

244 1872 307 1922 11

246 3495 311 3617 ἐξ

342 1413 571 1478 Testes
616 1413 790 1478 enim
837 1416 1015 1494 sunt,
1072 1413 1183 1496 qui
1226 1412 1299 1476 in
1343 1414 1614 1479 consilio
1659 1413 1950 1498 fuerunt,
1993 1419 2202 1482 testes
2256 1440 2379 1504 pu·

341 1501 569 1565 blicae·
603 1500 924 1583 tabulae,
950 1499 1141 1563 testis
1197 1500 1723 1583 splendidissima
1777 1502 2007 1568 civitas
2051 1503 2379 1589 Lilybae-

340 1593 522 1671 tana,
607 1587 799 1652 testis
882 1586 1382 1652 honestissimus
1470 1590 1917 1675 maximusque
2000 1599 2376 1660 conventus
2405 1614 2445 1655 15

343 1676 580 1742 civium
652 1675 1123 1759 Romanorum3
1193 1676 1337 1740 fieri
1407 1677 1574 1742 nihil
1646 1683 1893 1762 potest,
1963 1680 2380 1764 producendi

344 1766 513 1830 sunt.
610 1763 844 1849 Itaque
911 1763 1356 1848 producuntur
1417 1768 1484 1831 et
1548 1766 1631 1830 ad
1691 1768 1915 1852 palum
1980 1767 2380 1854 alligantur.

344 1852 570 1918 Etiam
630 1874 801 1942 nunc
864 1852 1026 1918 mihi
1082 1856 1423 1937 expectare
1474 1854 1809 1939 videmini,
1870 1855 2110 1920 iudices
2121 1907 2141 1940 ,
2211 1861 2382 1944 quid

344 1941 572 2006 deinde
617 1940 867 2007 factum
912 1941 1020 2026 sit,
1065 1940 1237 2026 quod
1280 1941 1408 2005 iste
1452 1942 1616 2006 nihil
1663 1965 1973 2029 umquam
2016 1943 2179 2010 fecit
2228 1949 2383 2015 sine

345 2031 566 2111 aliquo
624 2035 898 2115 quaestu
955 2033 1151 2118 atque
1201 2029 1463 2115 praeda.
1553 2031 1722 2108 Quid
1767 2033 1838 2098 in
1883 2033 2019 2098 eius
2065 2035 2258 2101 modi
2311 2060 2382 2103 re
2404 2056 2445 2097 m

342 2119 486 2183 fieri
530 2118 791 2204 potuit?
870 2117 1056 2193 Quod
1100 2117 1510 2184 commodum
1555 2123 1681 2204 est,
1727 2124 2061 2207 expectate
2103 2122 2382 2192 facinus

346 2228 544 2291 quam
585 2206 789 2273 voltis
831 2206 1229 2291 improbum3
1278 2206 1533 2272 vincam
1575 2211 1799 2274 tamen
1842 2211 2382 2294 expectationem

346 2295 655 2361 omnium.
733 2293 1046 2359 Homines
1103 2293 1369 2359 sceleris
1411 2296 2003 2382 coniurationisque
2049 2297 2381 2386 damnati,

346 2381 429 2447 ad
457 2381 848 2466 supplicium
873 2381 1119 2465 traditi,
1157 2382 1238 2446 ad
1270 2383 1493 2466 palum
1533 2384 1793 2469 alligati
1827 2389 2092 2471 repente
2132 2391 2380 2456 multis

344 2469 607 2533 milibus
659 2468 999 2533 hominum
1051 2468 1569 2554 inspectantibus
1620 2473 1822 2538 soluti
1867 2477 2019 2538 sunt
2065 2477 2137 2539 et
2183 2474 2380 2544 Trio·
2403 2495 2444 2537 ιε

346 2556 560 2621 calino
608 2556 710 2621 illi
755 2556 1016 2621 domino
1062 2558 1316 2623 redditi.

480 2643 648 2721 Quid
708 2643 833 2709 hoc
897 2645 1039 2710 loco
1098 2650 1287 2730 potes
1344 2646 1581 2730 dicere,
1640 2647 1839 2713 homo
1896 2650 2379 2738 amentissime,

343 2733 473 2797 nisi
529 2733 622 2817 id,
687 2733 860 2816 quo'd
913 2753 1037 2819 ego
1091 2755 1224 2798 non
1278 2756 1546 2819 quaero,
1609 2736 1780 2819 quod
1836 2735 2107 2821 denique
2168 2740 2245 2804 111
2305 2765 2378 2809 1·0

343 2826 484 2891 tam
530 2821 806 2907 nefaria,
858 2822 1125 2887 tametsi
1170 2822 1457 2889 dubitari
1499 2844 1631 2888 non
1674 2828 1923 2909 potest,
1975 2829 2231 2911 tamen,
2290 2852 2377 2896 ne

347 2910 403 2975 si
449 2910 782 2975 dubitetur
827 2909 1111 2994 quidem,
1157 2910 1381 2997 quaeri
1427 2912 1752 2996 oporteat,
1800 2913 1957 2995 quid
2000 2917 2115 2978 aut
2165 2936 2376 3000 quan·
2398 2937 2439 2978 ³0

345 3002 488 3063 tum
515 3002 632 3064 aut
669 3020 795 3083 quo
837 2998 1028 3063 modo
1066 2998 1433 3083 acceperis?
1496 2997 1786 3065 Remitto
1824 3001 1950 3065 tibi
1984 3001 2108 3067 hoc
2146 3007 2376 3072 totum

348 3091 544 3171 atque
588 3087 719 3151 ista
763 3091 829 3151 te
875 3108 1031 3152 cura
1075 3087 1312 3171 libero;
1354 3108 1566 3171 neque
1610 3086 1782 3153 enim
1828 3093 2064 3173 metue,
2106 3113 2197 3157 ne
2245 3094 2373 3162 hoc
2492 3119 2493 3124 ¹

346 3176 648 3259 cuiquam
718 3174 1211 3259 persuadeatur,
1280 3178 1384 3257 ut,
1457 3175 1540 3239 ad
1613 3176 1785 3260 quod
1854 3175 2106 3244 facinus
2173 3202 2373 3249 nemo

346 3267 607 3348 praeter
661 3267 727 3328 te
776 3263 916 3328 ulla
959 3262 1231 3347 pecunia
1277 3262 1508 3328 adduci
1552 3265 1868 3350 potuerit,
1919 3265 1988 3331 id
2032 3270 2108 3331 tu
2157 3273 2373 3355 gratis

348 3351 696 3434 suscipere·
730 3355 1001 3416 conatus
1057 3351 1165 3415 sis,
1255 3349 1501 3417 Verum
1557 3352 1635 3417 de
1689 3352 1820 3418 ista
1871 3352 2133 3419 furandi
2184 3380 2374 3443 prae·
2400 3374 2438 3418 a

349 3438 669 3522 dandique
722 3439 977 3504 ratione
1029 3438 1196 3503 nihil
1248 3439 1388 3505 dico
1400 3489 1418 3524 ,
1473 3440 1551 3504 de
1594 3440 1719 3506 hac
1763 3441 2190 3527 imperatoria
2236 3448 2375 3515 iam

348 3528 464 3587 tua
500 3524 689 3588 laude
731 3525 1009 3609 disputo.
1082 3525 1251 3602 Quid
1297 3528 1413 3610 ais,
1457 3529 1625 3594 bone
1672 3533 1892 3596 custos
1940 3530 2375 3622 defensorque
