2566 4016
971 228 1125 282 CAP.
1168 236 1304 283 1—3
1342 235 1372 293 ς
1410 236 1563 284 2—8.
2197 232 2287 295 35

263 372 551 454 nomino,
618 370 870 436 duobus
925 374 1190 437 milibus
1244 395 1583 437 nummum
1639 394 1779 438 sese
1835 373 1990 438 dicit
2048 375 2283 439 emisse

264 461 635 525 adulescens
713 460 818 524 vel
890 461 1384 544 potentissimus
1457 462 1582 526 hoc
1652 465 1946 546 tempore
2016 466 2279 526 nostrae

263 549 560 631 civitatis,
587 548 656 612 L.
686 545 1025 613 Cornelius
1055 546 1536 634 Chrysogonus,
1600 549 1665 613 Is
1705 571 1744 613 a
1779 550 1984 632 vobis,
2020 550 2279 633 iudices,

261 637 381 701 hoc
439 636 761 720 postulat,
814 640 915 719 ut,
970 638 1274 720 quoniam
1321 638 1390 701 in
1434 638 1710 702 alienam
1756 638 2096 722 pecuniam
2141 641 2277 701 tam

210 748 236 787 5
260 725 520 809 plenam
550 727 746 807 atque
773 725 1177 808 praeclaram
1202 725 1432 789 nullo
1413 747 1551 790 iure
1577 726 1910 809 invaserit,
1949 726 2279 809 quoniam-

262 833 383 895 que
430 811 490 875 ei
534 812 843 896 pecuniae
889 812 1027 877 vita
1064 810 1204 877 Sex.
1241 812 1439 879 Rosci
1486 814 1746 879 obstare
1786 818 1981 898 atque
2020 813 2279 879 officere

260 900 581 982 videatur,
638 900 906 963 deleatis
962 922 1046 965 ex*
1095 901 1312 966 animo
1359 924 1476 966 suo
1536 902 1965 986 suspicionem
2020 925 2276 967 omnem

259 991 630 1071 metumque
675 988 958 1071 tollatis3
1015 1010 1154 1052 sese
1199 989 1323 1055 hoc
1368 990 1678 1055 incolumi
1731 1013 1863 1055 non
1919 991 2278 1055 arbitratur

258 1076 449 1141 huius
482 1075 844 1140 innocentis
872 1076 1337 1160 patrimonium
1366 1082 1505 1142 tam
1533 1079 1822 1162 amplum
1852 1082 1917 1142 et
1944 1080 2280 1162 copiosum
2368 1145 2369 1148 ,

183 1188 234 1226 10
259 1185 452 1248 posse
482 1163 793 1247 obtinere,
831 1164 1138 1228 damnato
1170 1168 1235 1228 et
1263 1166 1467 1230 eiecto
1498 1169 1717 1249 sperat
1756 1187 1824 1229 se
1860 1186 2070 1249 posse,
2109 1167 2281 1248 quod

260 1252 532 1336 adeptus
578 1256 679 1316 est
723 1272 839 1335 per
885 1252 1118 1330 scelus,
1176 1252 1244 1316 id
1287 1275 1405 1336 per
1448 1252 1772 1317 luxuriam
1819 1253 2141 1317 effundere
2187 1257 2289 1328 ate

260 1362 383 1423 que
428 1361 820 1404 consumere.
910 1339 1101 1403 Hunc
1146 1340 1272 1404 sibi
1319 1363 1396 1404 ex
1444 1340 1659 1405 animo
1716 1362 1863 1405 scru
1905 1341 2112 1425 ulum,
2169 1342 2281 1425 qui

260 1449 324 1492 se
386 1427 523 1492 dies
586 1430 937 1511 noctesque
1004 1427 1301 1492 stimulat
1366 1450 1440 1494 ac
1501 1429 1762 1514 pungit,
1825 1451 1869 1493 u
1964 1431 2278 1513 evellatiS‚

255 1516 576 1600 postulat,
640 1518 715 1578 ut
778 1515 861 1579 ad
923 1515 1090 1579 hanc
1155 1538 1342 1581 suam
1403 1517 1711 1601 praedam
1766 1522 1906 1582 tam
1959 1518 2275 1584 nefariam

177 1624 230 1666 1⁵
259 1604 586 1669 adiutores
632 1624 749 1667 vos
794 1603 1248 1687 profiteamini.

436 1688 507 1755 Si
550 1691 735 1755 vobis
783 1712 991 1774 aequa
1036 1695 1101 1755 et
1144 1692 1422 1757 honesta
1466 1694 1827 1776 postulatio
1868 1694 2139 1777 videtur,
2184 1696 2277 1758 iu·
2315 1711 2347 1759 7

260 1780 462 1861 dices,
530 1799 649 1863 ego
715 1782 942 1843 contra
999 1778 1262 1844 bre‘vem
1326 1781 1833 1863 postulationem
1899 1781 2119 1845 adfero
2193 1785 2276 1864 et,

263 1888 392 1950 quo
440 1866 627 1931 modo
674 1866 835 1930 mihi
878 1868 1254 1952 persuadeo,
1301 1867 1635 1950 aliquanto
1684 1868 2067 1951 aequiorem.
2140 1868 2275 1931 Pri·
2312 1880 2353 1941 3

260 1976 441 2020 mum
470 1976 509 2018 a
536 1951 960 2040 Chrysogono
989 1959 1176 2040 peto,
1197 1960 1272 2020 ut
1299 1955 1571 2039 pecunia
1596 1954 2005 2039 fortunisque
2031 1957 2275 2020 nostris

175 2067 232 2106 20
260 2047 603 2111 contentus
651 2044 755 2122 sit,
803 2044 1184 2130 sanguinem
1232 2047 1298 2108 et
1343 2042 1548 2107 vitam
1590 2064 1672 2107 ne
1717 2047 1928 2127 petat3
1975 2043 2200 2108 deinde
2239 2068 2277 2108 a
2331 2050 2335 2054 ’

254 2133 462 2216 vobis,
508 2131 769 2215 iudices,
813 2135 889 2196 ut
936 2132 1274 2197 audacium
1323 2132 1549 2197 sceleri
1593 2131 1936 2215 resistatiS,
1979 2132 2276 2197 innocen-

251 2220 422 2286 tium
468 2220 909 2286 calamitatem
955 2220 1185 2284 levetis
1232 2224 1299 2284 et
1343 2220 1413 2284 in
1457 2242 1651 2285 causa
1697 2218 1837 2285 Sex.
1873 2219 2068 2286 Rosci
2111 2221 2275 2305 peri-

253 2310 491 2392 culum,
540 2308 712 2390 quod
755 2308 824 2372 in
869 2329 1090 2372 omnes
1136 2309 1511 2392 intenditur,
1556 2309 1966 2394 propulsetiS.
2032 2309 2274 2387 Quodsi
2313 2326 2344 2373 8

255 2403 371 2462 aut
426 2417 623 2462 causa
677 2396 964 2460 criminis
1022 2401 1134 2460 aut
1199 2397 1359 2461 facti
1425 2397 1704 2480 suspicio
1770 2401 1883 2463 aut
1948 2399 2275 2482 quaelibet

170 2504 225 2546 25
258 2486 533 2568 denique
560 2484 667 2573 vel
695 2484 964 2548 minima
990 2505 1095 2548 res
1123 2484 1498 2568 reperietur,
1529 2506 1723 2567 quam
1753 2486 1835 2550 ob
1864 2508 2001 2550 rem
2021 2487 2276 2551 videan-

251 2578 361 2641 tur
416 2573 521 2636 illi
574 2593 706 2637 non
758 2572 925 2635 nihil
980 2575 1201 2637 tamen
1245 2574 1316 2635 in
1362 2572 1702 2636 deferendo
1747 2574 2008 2638 nomine
2056 2573 2275 2655 secuti,

206 2693 209 2695 Α
251 2664 587 2745 postremo
636 2660 693 2724 si
736 2664 996 2744 praeter
1042 2681 1185 2725 eam
1237 2660 1573 2744 praedam,
1638 2683 1832 2744 quam
1889 2661 2044 2744 dixi,
2101 2661 2275 2745 quic-

255 2769 456 2832 quam
513 2748 687 2812 aliud
743 2769 972 2813 causae
1026 2748 1432 2831 inveneritis,
1486 2770 1617 2813 non
1669 2771 2066 2832 recusamus,
2121 2748 2277 2830 quin

251 2836 521 2902 illorum
575 2835 832 2901 libidini
885 2834 1025 2901 Sex.
1083 2835 1278 2900 Rosci
1334 2836 1472 2901 vita
1535 2836 1822 2901 dedatur.
1922 2834 2036 2900 Sin
2100 2836 2276 2899 aliud

163 2944 223 2986 so
253 2925 477 3010 agitur
531 2924 726 3008 nihil,
778 2924 906 2988 nisi
960 2927 1034 2988 ut
1090 2924 1170 2987 iis
1224 2946 1307 2988 ne
1363 2925 1515 3008 quid
1572 2924 1765 3008 desit,
1825 2925 2058 3008 quibus
2115 2923 2276 2987 satis

248 3013 422 3078 nihil
471 3017 589 3096 est,
636 3013 693 3076 si
736 3013 861 3078 hoc
908 3013 1120 3076 solum
1165 3013 1290 3077 hoc
1336 3017 1630 3097 tempore
1675 3017 2032 3097 pugnatur,
2076 3015 2150 3075 ut
2196 3010 2277 3075 ad

249 3102 442 3166 illam
491 3100 779 3185 opimam
824 3101 1355 3186 praeclaramque
1401 3101 1709 3185 praedam
1755 3099 2086 3164 damnatio
2135 3097 2275 3163 SeX.

248 3189 450 3255 Rosci
487 3189 670 3254 velut
706 3190 999 3255 cumulus
1029 3189 1308 3272 accedat,
1342 3210 1555 3254 nonne
1584 3210 1730 3254 cum
1757 3188 1964 3252 multa
1990 3186 2276 3272 indigna,

246 3283 397 3344 tum
415 3278 521 3342 vel
548 3278 676 3342 hoc
701 3277 1222 3362 indignissimum
1261 3281 1379 3355 est,
1406 3299 1520 3341 vos
1557 3277 1822 3341 idoneos
1851 3275 2132 3358 habitos,
2160 3297 2276 3360 per

154 3384 214 3426 35
248 3388 535 3468 quorum
564 3365 957 3431 sententias
937 3387 1164 3450 iusque
1184 3365 1527 3430 iurandum
1546 3364 1612 3428 id
1640 3367 2084 3449 assequantur,
2106 3365 2276 3466 quod

246 3458 451 3520 antea
495 3455 625 3539 ipsi
671 3444 912 3520 scelere
957 3460 1024 3519 et
1066 3453 1240 3518 ferro
1290 3453 1554 3536 adsequi
1600 3453 2109 3518 consueverant?
2165 3453 2275 3536 qui

244 3565 331 3606 ex
379 3543 647 3608 civitate
692 3543 761 3606 in
809 3546 1102 3607 senatum
1149 3545 1418 3625 propter
1464 3540 1877 3626 dignitatem,
1924 3564 2000 3606 ex
2048 3544 2276 3605 senatu

605 3658 621 3673 ι
1776 3645 1849 3697 3*
