2566 4016
754 242 887 296 LIB.
926 245 977 297 11
1060 243 1209 298 CAP.
1251 251 1389 298 7—9
1426 253 1455 310 ς
1498 252 1719 300 19-25.
2121 245 2249 311 207

235 386 546 470 absolvit,
614 386 739 451 sibi
805 387 1206 452 condemnat.
1305 387 1541 453 Maluit
1597 386 1899 454 videlicet
1956 389 2252 454 homines

232 496 497 560 peccare
537 496 734 557 quam
773 474 953 558 deos;
1001 496 1068 539 sc
1103 475 1325 559 potius
1364 499 1403 540 a
1437 476 1666 561 Dione,
1713 476 1884 562 quod
1928 498 2060 542 non
2105 477 2252 543 lice-

231 564 377 647 bat,
423 585 633 657 quam!
658 561 1006 646 Venerem,
1054 563 1227 646 quod
1269 585 1404 628 non
1450 565 1832 648 debebatur,
1879 564 2149 630 auferre.

367 649 537 726 Quid
569 670 691 735 ego
728 649 835 715 hic
870 672 1040 715 nunc
1069 648 1209 715 Sex.
1233 651 1503 738 Pompei
1540 652 1766 719 Chlori
1806 652 2253 717 testimonium
2289 667 2357 716 23

179 756 207 796 5
234 738 545 803 recitem?
602 738 712 821 qui
758 760 1022 804 causam
1068 739 1205 824 egit
1250 739 1482 804 Dionis
1491 791 1508 824 ,
1555 741 1665 824 qui
1712 742 2011 806 omnibus
2058 741 2252 805 rebus

233 826 548 910 interfuit,
585 825 871 892 hominis
908 827 1377 911 honestissimi,
1417 829 1684 893 tametsi
1721 829 1879 895 civis
1917 828 2250 893 Romanus

231 914 497 979 virtutis
544 936 740 979 causa
783 915 916 978 iam
966 915 1075 979 diu
1121 919 1239 998 est,
1283 919 1505 981 tamen
1553 917 1842 982 omnium
1887 914 2250 981 Siculorum

229 1002 425 1086 primi
490 1024 564 1068 ac
626 1002 1045 1086 nobilissimi3
1112 1003 1265 1086 quid
1320 1004 1526 1088 ipsius
1582 1003 1655 1079 Q.
1704 1003 1946 1070 Caecili
2000 1004 2250 1088 DioniS,

227 1091 514 1156 hominis
551 1090 1001 1175 probatissimi
1039 1113 1113 1156 ac
1153 1092 1653 1176 pudentissimi?
1701 1092 1856 1176 quid
1891 1091 1963 1155 L.
1992 1091 2253 1176 Caecili,

148 1197 201 1236 ιο
228 1178 302 1242 L.
332 1178 615 1263 LiguriS,
653 1177 723 1242 Τ.
743 1177 977 1262 Manli,
1012 1177 1084 1243 L.
1113 1176 1383 1244 Caleni?
1432 1202 1706 1263 quorum
1744 1180 2033 1244 omnium
2068 1180 2250 1244 testi-

227 1266 469 1331 moniis
508 1266 586 1330 de
621 1266 746 1331 hac
781 1266 1014 1333 Dionis
1059 1267 1333 1352 pecunia
1378 1268 1830 1333 confirmatum
1877 1271 1994 1332 est.
2065 1267 2252 1332 Dixit

198 1354 357 1421 ,hoc
414 1352 586 1418 idem
629 1353 716 1419 M.
751 1354 1089 1437 LuculluS,
1144 1376 1212 1419 se
1269 1356 1346 1420 de
1396 1355 1500 1420 his
1546 1343 1777 1422 Dionis
1823 1355 2249 1421 incommodis

221 1462 351 1528 pro
406 1441 724 1527 hospitio,
780 1442 952 1526 quod
1009 1443 1135 1507 sibi
1189 1465 1337 1508 cum
1392 1466 1467 1508 eo
1519 1448 1717 1527 esset,
1770 1445 1902 1510 iam
1950 1449 2101 1509 ante
2147 1465 2248 1509 co·

223 1551 485 1616 gnosse.
569 1529 779 1605 Quid?
834 1529 1170 1615 Lucullus,
1225 1533 1337 1616 qui
1380 1535 1522 1597 tum
1567 1533 1636 1597 in
1679 1532 2060 1598 Macedonia
2101 1531 2247 1615 fuit,
2284 1544 2353 1595 24

137 1636 190 1678 15
220 1618 462 1683 melius
508 1618 668 1684 haec
714 1619 1043 1705 cognovit,
1089 1642 1283 1704 quam
1329 1624 1421 1705 tu,
1468 1620 1799 1704 Hortensi,
1846 1622 1957 1705 qui
2000 1621 2248 1686 Romae

218 1707 441 1790 fuisti,
498 1706 580 1770 ad
636 1729 828 1790 quem
872 1707 1001 1772 Dio
1058 1707 1380 1793 confugit,
1437 1710 1548 1791 qui
1593 1710 1670 1773 dc
1715 1709 1946 1774 Dionis
1992 1709 2247 1773 iniuriis

214 1794 614 1880 gravissime
669 1817 787 1878 per
842 1795 1098 1860 litteras
1150 1817 1297 1860 cum
1334 1796 1537 1860 Verre
1586 1800 1851 1880 questus
1899 1796 2012 1861 es‘?
2076 1816 2249 1860 nova

214 1881 356 1947 tibi
400 1882 561 1946 haec
608 1887 759 1947 sunt
806 1887 871 1947 et
916 1883 1298 1967 inopinata?
1343 1905 1513 1947 nunc
1558 1885 1840 1967 primum
1887 1884 2010 1948 hoc
2060 1903 2247 1947 aures

213 1975 382 2036 tuae
421 1968 664 2035 crimen
709 1971 1076 2056 accipiunt?
1121 1970 1287 2036 nihil
1336 1992 1415 2036 ex
1451 1971 1677 2056 Dione,
1721 1971 1886 2036 nihil
1936 1993 2013 2035 ex
2060 1991 2248 2036 socru

124 2080 184 2121 20
213 2065 371 2140 tua,
415 2058 658 2123 femina
699 2060 1038 2145 primaria,
1085 2057 1389 2142 Servilia,
1434 2062 1651 2124 vetere
1687 2059 1918 2125 Dionis
1964 2059 2248 2144 hospita,

213 2147 513 2215 audisti?
605 2145 839 2212 Nonne
892 2148 1103 2212 multa
1148 2148 1276 2211 mei
1322 2151 1553 2231 testes,
1607 2169 1768 2232 quae
1813 2151 1889 2212 tu
1934 2148 2089 2230 scis,
2141 2168 2248 2212 ne-

211 2235 485 2303 sciunt?
540 2256 753 2299 nonne
810 2234 885 2299 tc'
922 2236 1085 2300 mihi
1129 2239 1369 2301 testem
1412 2235 1483 2300 in
1526 2236 1650 2302 hoc
1697 2236 1962 2301 crimine
2010 2236 2248 2319 eripuit

207 2347 360 2390 non
430 2322 625 2387 istius
694 2323 1088 2408 innocentia,
1161 2324 1275 2389 sed
1346 2325 1511 2410 legis
1587 2323 1921 2410 exceptio?
2001 2325 2247 2390 Recita.

208 2414 665 2479 TEs‘rmomA
699 2411 1026 2495 Lucam,
1074 2410 1365 2497 CHLom,
1408 2412 1680 2479 Dloms.
1755 2411 2011 2479 Satisne
2058 2413 2244 2478 vobis
2283 2419 2324 2482 9

116 2521 175 2563 25
207 2521 536 2587 magnam
581 2501 922 2585 pecuniam
967 2499 1285 2565 Venerius
1339 2500 1562 2586 homo,
1630 2502 1741 2585 qui
1795 2522 1828 2565 e
1875 2501 2247 2566 Chelidonis

203 2592 371 2658 sinu
436 2589 507 2653 in
569 2590 970 2674 provinciam
1034 2587 1365 2674 profectus
1422 2593 1619 2672 esset,
1662 2588 1935 2653 Veneris
1988 2589 2249 2653 nomine
2323 2637 2325 2639 ψ

201 2677 559 2765 quaesisse
604 2677 902 2741 videtur?
1977 2677 1980 2678 ⁷

356 2762 654 2844 Accipite
710 2764 908 2828 aliam
964 2765 1033 2829 in
1079 2764 1331 2829 minore
1375 2764 1649 2849 pecunia
1691 2785 1827 2829 non
1871 2764 2084 2828 minus
2130 2764 2245 2826 im—
2284 2776 2351 2825 25

198 2851 580 2943 pudentem
616 2850 1022 2936 calumniam.
1098 2850 1413 2937 Sosippus
1452 2856 1518 2916 et
1553 2851 1960 2924 Philoczates
2005 2850 2245 2916 fratres

104 2965 166 3008 30
198 2943 381 3011 sunt
430 2935 894 3022 Agyrinenses.
989 2939 1247 3006 Horum
1310 2944 1498 3025 pater
1553 2938 1791 3004 abhinc
1845 2940 1970 3003 duo
2028 2942 2093 3002 et
2146 2956 2247 3002 xx

197 3047 433 3099 annos
473 3028 573 3089 cst
611 3030 933 3111 mortuus3
979 3028 1049 3092 in
1085 3030 1265 3095 cuius
1312 3030 1728 3110 testamento,
1774 3026 2055 3109 quodam
2101 3027 2245 3090 loco

196 3120 261 3186 si
329 3114 759 3182 commissum
815 3116 967 3198 quid
1024 3122 1223 3200 esset,
1288 3117 1494 3181 multa
1550 3118 1692 3180 erat
1736 3113 1991 3178 Veneri.
2091 3112 2245 3198 Ipso

191 3202 544 3293 vigesimo
602 3223 800 3285 ann0,
857 3225 999 3267 cum
1045 3208 1148 3273 tot
1191 3205 1443 3269 interea
1486 3207 1821 3290 praetores
1830 3252 1848 3287 ,
1903 3204 2005 3266 tot
2050 3223 2247 3285 quae-

193 3301 436 3362 stores
447 3341 465 3374 ,
519 3294 623 3356 tot
669 3291 1171 3356 calumniatores
1217 3292 1288 3355 in
1331 3292 1666 3376 provincia
1709 3290 2012 3373 fuissent,
2066 3288 2246 3354 here-

92 3406 154 3448 s5
189 3386 393 3451 ditas
426 3379 508 3444 ab
538 3379 642 3444 his
661 3378 935 3444 Veneris
973 3379 1234 3443 nomine
1271 3380 1483 3463 petita
1521 3383 1638 3444 est.
1704 3377 1985 3444 Causam
2005 3377 2243 3443 Verres

188 3467 588 3556 cognoscit,
653 3468 995 3552 pecuniam
1053 3488 1171 3551 per
1217 3466 1590 3532 Volcatium
1648 3467 1907 3552 accipit,
1970 3465 2105 3531 fere
2162 3466 2244 3532 ad

181 3556 318 3628 HS
377 3570 555 3621 cccc
601 3556 812 3643 milia,
860 3580 899 3623 a
945 3556 1195 3621 duobus
1242 3554 1578 3622 fratribus„
1658 3555 2017 3622 Multorum
2062 3556 2242 3621 testi-
