2566 4016
340 230 466 292 110
821 227 899 282 IN
936 227 997 293 Q
1037 225 1432 281 CAECILIUM
1466 223 1868 280 DIVINATIO.

229 395 294 444 35
332 377 601 458 peccata
637 373 1077 438 demonstrare
1114 372 1386 456 possint.
1464 370 1561 436 Ac
1596 370 1761 453 vide,
1799 371 2113 453 quantum
2147 368 2353 432 inter-

333 461 623 528 futurum
671 461 758 525 sit
801 462 972 526 inter
1017 482 1228 525 meam
1275 462 1342 524 et
1387 463 1569 524 tuam
1620 458 2110 523 accusationem.
2201 455 2352 542 Ego

335 552 560 630 etiam,
620 571 783 634 quae
841 552 914 613 tu
963 549 1099 613 sine
1144 547 1349 612 Verre
1395 546 1804 630 commisisti,
1857 544 2051 610 Verri
2096 544 2353 609 crimini

334 639 602 703 daturus
651 659 811 719 sum,
858 637 1029 721 quod
1074 642 1140 700 te
1184 658 1318 701 non
1362 635 1786 721 prohibuerit,
1836 655 1983 699 cum
2029 654 2354 698 summam

330 727 473 811 ipse
506 726 774 791 haberet
811 729 1229 810 potestatem3
1264 728 1340 788 tu
1368 727 1611 807 contra,
1646 744 1727 787 ne
1757 743 1937 806 quae
1932 721 2061 785 ille
2091 720 2352 805 quidem
2378 747 2407 788 5

332 814 505 895 fecit,
530 813 789 895 obicies,
805 835 886 877 ne
907 835 1033 898 qua
1049 835 1124 877 ex
1143 816 1331 896 parte
1351 811 1728 877 coniunctus
1749 832 1894 875 cum
1913 831 1990 874 eo
2007 809 2352 894 reperiare.

469 864 679 976 Quid?
741 864 888 982 illa,
944 899 1209 984 Caecili,
1273 899 1820 964 contemnendane
1879 898 2005 963 tibi
2049 897 2353 962 videntur

336 1011 502 1074 esse,
569 990 706 1054 sine
762 989 997 1074 quibus
1051 1010 1248 1054 eausa
1301 987 1633 1070 sustineri,
1695 986 2081 1073 praesertim
2142 989 2353 1069 tanta,

333 1079 515 1143 nullo
581 1078 773 1143 modo
832 1078 1102 1163 potest?
1165 1077 1388 1161 aliqua
1448 1075 1728 1142 facultas
1794 1074 2055 1161 agendi,
2131 1075 2353 1158 aliqua

336 1166 586 1231 dicendi
641 1167 1061 1250 consuetudo,
1122 1165 1342 1250 aliqua
1393 1165 1466 1229 in
1516 1163 1689 1248 foro,
1749 1164 2030 1248 iudiciis,
2094 1163 2353 1248 legibus
2381 1190 2433 1231 10

230 1276 297 1326 36
336 1258 450 1320 aut
494 1255 664 1320 ratio
711 1259 826 1321 aut
870 1252 1291 1320 exercitatio?
1378 1252 1720 1338 Intellego,
1766 1274 1961 1337 quam
2008 1251 2352 1336 scopuloso

336 1344 710 1427 difficilique
736 1344 809 1408 in
842 1344 985 1409 loco
1022 1364 1258 1408 verser.
1330 1339 1504 1407 Nam
1540 1363 1686 1406 cum
1727 1340 1936 1405 omnis
1974 1339 2357 1425 arrogantia

337 1432 560 1497 odiosa
618 1434 742 1514 est,
799 1434 944 1495 tum
989 1431 1108 1495 illa
1152 1430 1400 1516 ingenii
1444 1432 1641 1513 atque
1687 1429 2094 1512 eloquentiae
2141 1428 2352 1492 multo

333 1518 814 1583 molestissima.
905 1516 1112 1593 Quam
1168 1519 1253 1582 ob
1308 1539 1446 1581 rem
1500 1517 1666 1581 nihil
1721 1516 1861 1582 dico
1918 1517 1995 1581 de
2049 1537 2195 1581 meo
2258 1516 2352 1579 in-

337 1607 554 1692 geni03
597 1627 804 1690 neque
850 1609 968 1690 est,
1014 1606 1186 1690 quod
1229 1605 1476 1691 possim
1523 1605 1749 1688 dicere,
1792 1626 2018 1690 neque,
2064 1604 2122 1668 si
2161 1607 2430 1686 esset,15

336 1695 628 1759 dicerem.
709 1693 847 1758 Aut
892 1694 1063 1758 enim
1096 1694 1164 1758 id
1201 1693 1365 1758 mihi
1406 1692 1566 1758 satis
1613 1697 1731 1776 est,
1777 1693 1950 1777 quod
1986 1696 2089 1757 est
2134 1691 2210 1756 de
2248 1713 2352 1757 me

336 1783 678 1869 opinioniS,
715 1782 1019 1867 quicquid
1046 1785 1164 1866 est,
1201 1785 1333 1865 aut,
1370 1782 1426 1845 si
1457 1782 1526 1845 id
1555 1794 1787 1866 parum
1825 1784 1943 1865 est,
1981 1801 2103 1867 ego
2142 1780 2351 1845 maius

333 1873 403 1937 id
438 1871 1002 1938 commemorando
1036 1869 1250 1936 facere
1285 1891 1418 1934 ιιοιι
1462 1891 1746 1955 possum.
1818 1868 1916 1933 De
1961 1873 2046 1952 te,
2093 1867 2351 1951 Caecili,

266 1921 495 2046 7(iam
531 1960 897 2027 mehercule
932 1959 1057 2025 hoc
1085 1962 1269 2025 extra
1297 1958 1463 2024 hanc
1490 1957 1970 2024 contentionem
1997 1960 2352 2023 certamen·

336 2072 459 2134 que
503 2053 801 2115 nostrum
845 2049 1261 2114 familiariter
1305 2051 1521 2113 tecum
1565 2045 1827 2132 loquar)
1871 2050 1945 2111 tu
1977 2045 2117 2130 ipse
2156 2066 2352 2129 quem
2381 2070 2432 2110 ιο

335 2138 416 2203 ad
470 2139 735 2204 modum
789 2137 1145 2221 existimeS,
1199 2136 1347 2201 vide
1402 2136 1596 2201 etiam
1656 2139 1850 2219 atque
1905 2133 2096 2199 etiam
2153 2135 2221 2196 et
2274 2136 2351 2197 tu

333 2231 400 2290 te
448 2227 685 2310 collige
730 2227 814 2307 et,
860 2224 972 2306 qui
1017 2224 1107 2287 sis
1155 2226 1220 2286 et
1267 2223 1433 2325 quid
1465 2223 1676 2288 facere
1722 2223 1953 2308 possiS,
1998 2220 2352 2287 considera.

333 2313 619 2376 Putasne
672 2315 739 2375 te
792 2332 986 2395 posse
1040 2310 1117 2374 de
1171 2310 1471 2374 maximis
1528 2311 2086 2395 acerbissimisque
2139 2309 2354 2393 rebus,

334 2422 480 2464 cum
527 2419 787 2463 causam
833 2398 1152 2463 sociorum
1196 2397 1621 2482 fortunasque
1664 2398 2053 2484 provinciae,
2096 2397 2198 2462 ius
2236 2419 2353 2499 P.⁰‘'

332 2487 475 2573 puli
518 2486 824 2571 Romani,
880 2487 1272 2572 gravitatem
1317 2486 1537 2551 iudicii
1579 2487 1928 2572 legumque
1975 2486 2352 2571 susceperis,
2377 2507 2429 2548 25

334 2579 438 2641 tot
492 2596 595 2639 res
650 2578 788 2639 tam
836 2595 1095 2661 graveS,
1149 2579 1290 2639 tam
1334 2575 1550 2640 varias
1596 2596 1780 2658 voce,
1824 2575 2158 2657 memoria,
2201 2595 2353 2639 con-

229 2685 295 2736 38
336 2665 511 2748 silio,
568 2663 831 2749 ingenio
886 2663 1250 2728 sustinere?
1311 2666 1587 2749 putasne
1651 2666 1719 2726 te
1780 2683 1997 2747 posse,
2062 2684 2226 2747 quae
2282 2660 2352 2727 O.

332 2752 572 2819 Verres
616 2752 686 2815 in
730 2755 1094 2836 quaestura,
1141 2774 1304 2836 quae
1349 2751 1420 2815 in
1464 2750 1808 2836 legatione,
1855 2772 2018 2834 quae
2063 2751 2135 2815 in
2168 2772 2352 2833 prae·

333 2846 506 2925 tura,
573 2861 736 2925 quae
790 2840 1063 2925 Romae,
1123 2862 1288 2925 quae
1342 2840 1412 2904 in
1464 2837 1686 2923 Italia,
1742 2860 1906 2923 quae
1958 2839 2030 2903 in
2083 2836 2353 2921 Achaia,

333 2929 495 2995 Asia
557 2928 1071 3014 Pamphyliaque
1133 2928 1447 3013 peccarit,
1521 2949 1621 3011 ea,
1686 2949 1878 3011 quem
1941 2926 2025 2991 ad
2087 2926 2353 2991 modum
2380 2948 2430 2989 so

332 3019 493 3084 locis
566 3017 1097 3102 temporibusque
1170 3016 1379 3081 divisa
1448 3013 1606 3099 sint,
1681 3016 1772 3080 sic
1845 3015 2221 3080 criminibus
2288 3018 2356 3079 et

334 3106 629 3171 oratione
686 3104 1133 3206 distinguere?
1190 3108 1467 3189 putasne
1523 3107 1589 3167 te
1643 3124 1860 3188 posse,
1918 3103 1985 3167 id
2051 3102 2222 3187 quod
2286 3102 2358 3167 in

331 3195 525 3259 huius
572 3193 747 3258 modi
792 3215 903 3258 reo
962 3192 1243 3258 maxime
1296 3191 1732 3257 necessarium
1788 3194 1912 3275 est,
1965 3191 2207 3274 facere,
2261 3193 2356 3273 ut,

334 3304 498 3366 quae
525 3282 640 3346 ille
669 3280 1034 3365 libidinose,
1064 3303 1227 3365 quae
1253 3279 1516 3362 nefarie,
1546 3301 1708 3363 quae
1735 3242 2081 3345 crudeliter
2105 3277 2358 3361 fecerit,

335 3390 412 3431 ea
466 3390 668 3452 aeque
724 3370 957 3435 acerba
1012 3372 1077 3433 et
1129 3368 1399 3454 indigna
1450 3367 1792 3447 videantur
1848 3389 1988 3432 esse
2044 3367 2178 3449 his,
2241 3366 2357 3450 qui
2384 3388 2437 3431 ³⁵

228 3475 295 3523 39
336 3455 613 3539 audient,
661 3459 856 3539 atque
901 3457 1035 3521 illis
1080 3457 1223 3520 visa
1269 3458 1440 3537 sunt,
1484 3455 1594 3540 qui
1641 3455 2023 3521 senserunt?
2109 3454 2358 3540 Magna

334 3545 487 3606 sunt
533 3564 626 3626 ea,
673 3565 837 3625 quae
886 3544 1046 3627 dic0,
1092 3543 1255 3607 mihi
1292 3543 1501 3627 crede3
1547 3543 1685 3607 noli
1719 3543 1881 3609 haec
1918 3545 2359 3609 contemnere:

229 1842 353 1970 172·
