2566 4016
325 183 456 247 250
912 142 1010 236 'm
1048 181 1105 237 e.
1136 181 1447 236 VERREM
1483 181 1639 237 AcT.
1677 182 1745 236 11.

324 325 546 393 Sicilia
593 330 740 393 tota
785 332 1096 391 censetur.
1186 325 1353 392 Erat
1399 348 1591 392 censa
1634 328 1933 411 praetore
1980 324 2341 409 Peducae03

326 417 588 500 quintus
647 437 852 481 annus
899 437 1046 481 oum
1092 416 1163 480 in
1206 418 1273 479 te
1319 419 1690 499 praetorem
1734 414 2094 498 incidisset,
2149 436 2341 480 censa

325 505 532 570 denuo
589 508 705 569 est.
786 503 1059 568 Postero
1117 525 1288 569 anno
1333 503 1405 568 L.
1440 503 1745 569 Metellus
1801 502 2199 567 mentionem
2243 503 2341 568 tui

325 614 556 659 census
591 592 734 658 fieri
770 595 979 674 vetat3
1025 613 1323 657 censores
1362 591 1518 657 dicit
1556 592 1633 656 de
1670 591 1927 676 integro
1967 591 2095 654 sibi
2136 591 2339 656 creari

369 682 607 764 lacere3
653 682 901 745 interea
937 680 1429 746 Peducaeanum
1467 702 1730 746 censum
1767 679 2101 744 observari
2144 679 2338 744 iubet.
2366 696 2395 738 ⁵

392 791 468 835 oc
505 769 562 833 si
599 773 750 833 tuus
792 768 1091 834 inimicus
1131 768 1421 852 fecisset,
1467 772 1717 852 tamen,
1762 767 1821 832 si
1867 767 2084 831 animo
2133 789 2337 850 aequo

323 857 658 942 provincia
720 856 1009 941 tulisset,
1071 856 1319 922 inimici
1381 856 1687 922 iudicium
1744 876 1942 942 grave
1996 855 2337 920 videretur.

322 944 504 1010 Fecit
568 944 812 1010 amicus
877 952 1097 1011 recens
1154 947 1220 1008 et
1278 949 1596 1030 cognatus
1650 943 2085 1026 voluntarius3
2150 943 2340 1008 aliter

326 1034 525 1117 enim,
580 1034 637 1097 si
689 1033 1091 1118 provinciam
1145 1033 1453 1117 retinere,
1508 1033 1564 1096 si
1620 1032 1870 1098 salvus,
1893 1031 2034 1117 ipse
2084 1032 2154 1095 in
2196 1053 2340 1116 pro·

218 1091 322 1217 {20
359 1122 571 1187 vincia
607 1122 807 1188 vellet
845 1143 1003 1206 esse,
1038 1121 1250 1186 facere
1286 1143 1420 1187 non
1454 1121 1687 1206 potuit.
1758 1120 2083 1205 Expectas
2122 1120 2340 1204 etiam,
2373 1138 2427 1179 ιο

325 1210 475 1294 quid
539 1210 612 1275 hi
671 1209 997 1274 iudicent?
1099 1208 1169 1275 Si
1229 1209 1355 1275 tibi
1414 1209 1876 1294 magistratum
1939 1209 2342 1294 abrogasset,

323 1299 573 1363 minore
627 1298 987 1383 ignominia
1041 1302 1107 1362 te
1159 1297 1504 1381 affecisset,
1569 1319 1765 1381 quam
1819 1319 1965 1362 cum
2020 1318 2120 1378 ea,
2177 1318 2343 1380 quae

321 1386 392 1449 in
427 1386 824 1471 magistratu
862 1385 1145 1470 gessisti,
1191 1386 1462 1450 sustulit
1498 1389 1694 1468 atque
1730 1385 1919 1450 irrita
1952 1384 2147 1449 iussit
2183 1406 2343 1449 esse.

322 1472 550 1556 Neque
585 1473 655 1536 in
699 1472 823 1537 hac
867 1495 937 1537 re
983 1474 1125 1538 sola
1169 1472 1299 1537 fuit
1344 1474 1480 1538 eius
1526 1473 1722 1556 modi,
1770 1473 1899 1557 sed,
1946 1476 2096 1538 ante
2145 1495 2344 1557 quam

324 1581 444 1645 ego
499 1561 570 1624 in
614 1557 904 1625 Siciliam
960 1560 1134 1644 veni,
1186 1560 1258 1625 in
1308 1561 1608 1626 maximis
1654 1561 1848 1627 rebus
1897 1584 1971 1626 ac
2016 1561 2428 1645 plurimis31⁵

321 1670 477 1713 nam
531 1651 597 1712 et
649 1648 954 1714 Heraclio
1008 1647 1449 1732 Syracusanos
1505 1653 1656 1715 tuos
1711 1650 1863 1714 illos
1918 1649 2343 1734 palaestritas

322 1738 497 1802 bona
549 1737 893 1803 restituere
951 1737 1143 1802 iussit
1198 1741 1264 1802 et
1307 1737 1602 1822 Epicrati
1647 1736 1916 1804 Bidinos
1972 1741 2038 1801 et
2085 1737 2343 1822 pupillo

321 1824 770 1909 Drepanitano
809 1824 888 1890 A.
919 1823 1279 1909 Claudium,
1328 1829 1412 1910 et,
1455 1826 1584 1890 nisi
1621 1830 1873 1891 mature
1910 1824 2226 1890 Laetilius
2273 1827 2347 1891 in

323 1911 614 1979 Siciliam
652 1936 799 1979 cum
845 1913 1086 1978 litteris
1132 1914 1435 1998 venisset,
1482 1914 1696 1978 minus
1743 1933 1892 1979 xxx
1937 1914 2162 1979 diebus
2209 1913 2345 1978 Me-

321 2003 519 2068 tellus
565 2005 777 2069 totam
824 2003 1089 2068 triennii
1132 2007 1510 2087 praeturam
1556 2006 1739 2068 tuam
1783 2002 2169 2068 rescidisset.
2372 2020 2424 2061 2⁰

219 2092 317 2142 141
454 2090 546 2155 Et
584 2092 907 2176 quoniam
930 2092 1008 2156 de
1053 2113 1131 2155 ea
1174 2091 1467 2176 pecunia,
1515 2113 1708 2175 quam
1755 2091 1878 2155 tibi
1924 2091 2006 2156 ad
2052 2094 2345 2157 statuam

321 2201 619 2244 censores
658 2180 1088 2261 contulerunt,
1126 2178 1275 2262 dixi,
1321 2200 1455 2243 non
1489 2179 1653 2243 mihi
1687 2179 2346 2263 praetermittendum

320 2268 576 2331 videtur
639 2288 720 2330 ne
782 2266 947 2329 illud
1003 2265 1261 2349 quidem
1317 2287 1520 2351 genus
1575 2267 1883 2351 pecuniae
1938 2267 2345 2351 conciliatae,

321 2376 519 2436 quam
589 2356 663 2417 tu
728 2374 767 2417 a
839 2352 1215 2418 civitatibus
1291 2357 1658 2419 statuarum
1720 2355 1981 2420 nomine
2045 2356 2344 2441 coegisti.

319 2439 527 2505 Video
574 2440 749 2505 enim
795 2440 929 2505 eius
975 2440 1283 2525 pecuniae
1332 2463 1655 2508 summam
1701 2464 1842 2508 esse
1886 2444 2344 2530 pergrandem,
2372 2457 2420 2499 2⁵

321 2529 403 2593 ad
457 2526 570 2592 HS
626 2528 896 2612 viciens3
950 2533 1210 2594 tantum
1262 2531 1638 2596 conficietur
1692 2553 1770 2596 ex
1823 2532 2221 2597 testimoniis
2274 2537 2347 2597 et

319 2617 557 2682 litteris
623 2616 981 2683 civitatum.
1080 2617 1171 2682 Et
1232 2618 1360 2683 iste
1419 2619 1543 2683 hoc
1599 2619 1890 2685 concedit
1943 2641 2062 2685 nec
2116 2624 2345 2704 potest
2523 2631 2524 2664 ¹

320 2705 512 2771 aliter
575 2704 802 2771 dicere.
902 2706 1115 2782 Quare
1177 2706 1358 2772 cuius
1415 2707 1591 2772 modi
1644 2710 1950 2791 putamus
2006 2729 2146 2772 esse
2203 2709 2347 2791 illa,
2520 2715 2522 2776 4

319 2816 484 2878 quae
511 2797 731 2878 negat,
767 2815 914 2860 cum
941 2794 1103 2859 haec
1131 2798 1273 2858 tam
1309 2795 1611 2879 improba
1638 2799 1809 2878 sunt,
1846 2817 2010 2880 quae
2044 2795 2348 2862 fatetur?

320 2882 488 2959 Quid
561 2881 735 2946 enim
805 2882 905 2946 vis
978 2881 1332 2948 constitui?
1406 2887 1860 2967 consumptam
1933 2905 2073 2949 esse
2136 2884 2349 2950 istam
2374 2899 2424 2940 ⁸⁰

319 2992 577 3036 omnem
641 2970 982 3055 pecuniam
1045 2970 1116 3035 in
1169 2970 1450 3036 statuis?
1549 2970 1679 3036 Fac
1733 2972 1829 3037 ita
1885 2993 2051 3055 esse;
2115 2975 2351 3038 tamen

316 3059 443 3124 hoc
493 3058 831 3124 ferendum
875 3058 1056 3123 nullo
1103 3058 1298 3123 modo
1347 3061 1473 3143 est,
1526 3062 1780 3124 tantam
1826 3082 1866 3125 a
1913 3059 2103 3126 sociis
2151 3082 2352 3146 pecu-

317 3147 496 3213 niam
535 3146 794 3229 auferri,
839 3149 915 3210 ut
949 3146 1019 3210 in
1066 3146 1367 3211 omnibus
1415 3147 1780 3232 angiportis
1826 3148 2175 3233 praedonis
2221 3148 2353 3215 im·

259 3282 298 3344 8
316 3234 694 3317 probissimi
732 3238 951 3299 statua
986 3238 1286 3318 ponatur,
1334 3257 1462 3318 qua
1498 3235 1607 3299 vix
1642 3238 1788 3300 tuto
1828 3236 2098 3301 transiri
2142 3259 2356 3321 posse

216 3357 315 3404 142
354 3322 665 3386 videatur.
756 3320 1001 3387 Verum
1055 3322 1168 3387 ubi
1221 3323 1484 3388 tandem
1532 3326 1647 3388 aut
1698 3324 1768 3387 in
1815 3324 2049 3408 quibus
2096 3328 2358 3392 statuis
2383 3342 2434 3384 ³⁵

318 3406 449 3469 ista
492 3413 678 3472 tanta
720 3410 994 3492 pecunia
1039 3414 1425 3496 consumpta
1471 3412 1614 3477 est‘?
1698 3410 2203 3497 ‘Consumetur',
2252 3415 2361 3480 in-

323 3492 520 3572 quies.
604 3492 863 3560 Scilicet
902 3502 1310 3582 expectemus
1356 3499 1727 3584 legitimum
1771 3500 1936 3566 illud
1983 3501 2366 3586 quinquen-
