<?xml version="1.0" encoding="UTF-8"?>
<!DOCTYPE html PUBLIC "-//W3C//DTD XHTML 1.0 Transitional//EN"
    "http://www.w3.org/TR/xhtml1/DTD/xhtml1-transitional.dtd">
<html xmlns="http://www.w3.org/1999/xhtml" xml:lang="en" lang="en">
 <head>
  <title>
</title>
<meta http-equiv="Content-Type" content="text/html;charset=utf-8" />
  <meta name='ocr-system' content='tesseract 3.04.00' />
  <meta name='ocr-capabilities' content='ocr_page ocr_carea ocr_par ocr_line ocrx_word'/>
</head>
<body>
  <div class='ocr_page' id='page_1' title='image "./scriptaquaemans00klotgoog_0198.png"; bbox 0 0 2566 4016; ppageno 0'>
   <div class='ocr_carea' id='block_1_1' title="bbox 312 199 2299 267">
    <p class='ocr_par' dir='ltr' id='par_1_1' title="bbox 312 199 2299 267">
     <span class='ocr_line' id='line_1_1' title="bbox 312 199 2299 267; baseline -0.001 -9"><span class='ocrx_word' id='word_1_1' title='bbox 312 203 400 267; x_wconf 88' lang='lat'><strong>80</strong></span> <span class='ocrx_word' id='word_1_2' title='bbox 497 202 639 258; x_wconf 85' lang='lat' dir='ltr'><strong>PRO</strong></span> <span class='ocrx_word' id='word_1_3' title='bbox 661 202 815 257; x_wconf 84' lang='lat' dir='ltr'>SEX.</span> <span class='ocrx_word' id='word_1_4' title='bbox 836 200 1093 257; x_wconf 85' lang='lat' dir='ltr'>ROSCIO</span> <span class='ocrx_word' id='word_1_5' title='bbox 1112 200 1450 256; x_wconf 78' lang='lat' dir='ltr'>AMERINO</span> <span class='ocrx_word' id='word_1_6' title='bbox 1472 199 1585 255; x_wconf 74' lang='grc' dir='ltr'><strong>ΟΒ.</strong></span> <span class='ocrx_word' id='word_1_7' title='bbox 1653 199 1712 258; x_wconf 85' lang='lat' dir='ltr'><strong>C.</strong></span> <span class='ocrx_word' id='word_1_8' title='bbox 1734 205 1819 266; x_wconf 75' lang='lat'><strong>52,</strong></span> <span class='ocrx_word' id='word_1_9' title='bbox 1853 206 1920 257; x_wconf 76' lang='lat'><strong>53</strong></span> <span class='ocrx_word' id='word_1_10' title='bbox 1947 206 1979 267; x_wconf 64' lang='grc'><strong>9</strong></span> <span class='ocrx_word' id='word_1_11' title='bbox 2001 207 2299 258; x_wconf 77' lang='grc'>161-154.</span> 
     </span>
    </p>
   </div>
   <div class='ocr_carea' id='block_1_2' title="bbox 215 344 2420 3578">
    <p class='ocr_par' dir='ltr' id='par_1_2' title="bbox 312 344 2392 957">
     <span class='ocr_line' id='line_1_2' title="bbox 313 344 2338 432; baseline -0 -20"><span class='ocrx_word' id='word_1_12' title='bbox 313 368 459 412; x_wconf 90' lang='lat' dir='ltr'><strong>cum</strong></span> <span class='ocrx_word' id='word_1_13' title='bbox 504 346 826 431; x_wconf 89' lang='lat' dir='ltr'><strong>proelium</strong></span> <span class='ocrx_word' id='word_1_14' title='bbox 869 345 1316 427; x_wconf 88' lang='lat' dir='ltr'><strong>committunt,</strong></span> <span class='ocrx_word' id='word_1_15' title='bbox 1358 347 1434 409; x_wconf 89' lang='lat' dir='ltr'><strong>ut</strong></span> <span class='ocrx_word' id='word_1_16' title='bbox 1477 344 1549 408; x_wconf 91' lang='lat' dir='ltr'><strong>in</strong></span> <span class='ocrx_word' id='word_1_17' title='bbox 1594 366 1670 409; x_wconf 91' lang='lat' dir='ltr'><strong>eo</strong></span> <span class='ocrx_word' id='word_1_18' title='bbox 1716 344 1858 410; x_wconf 91' lang='lat' dir='ltr'><strong>loco</strong></span> <span class='ocrx_word' id='word_1_19' title='bbox 1869 394 1887 427; x_wconf 90' lang='lat'><strong>,</strong></span> <span class='ocrx_word' id='word_1_20' title='bbox 1931 366 2061 428; x_wconf 89' lang='lat' dir='ltr'><strong>quo</strong></span> <span class='ocrx_word' id='word_1_21' title='bbox 2106 344 2338 432; x_wconf 83' lang='lat' dir='ltr'><strong>fugam</strong></span> 
     </span>
     <span class='ocr_line' id='line_1_3' title="bbox 312 432 2338 518; baseline 0 -19"><span class='ocrx_word' id='word_1_22' title='bbox 312 434 605 499; x_wconf 89' lang='lat' dir='ltr'><strong>hostium</strong></span> <span class='ocrx_word' id='word_1_23' title='bbox 657 434 797 499; x_wconf 86' lang='lat' dir='ltr'><strong>fore</strong></span> <span class='ocrx_word' id='word_1_24' title='bbox 844 432 1269 514; x_wconf 86' lang='lat' dir='ltr'><strong>arbitrentur,</strong></span> <span class='ocrx_word' id='word_1_25' title='bbox 1329 432 1571 497; x_wconf 89' lang='lat' dir='ltr'><strong>milites</strong></span> <span class='ocrx_word' id='word_1_26' title='bbox 1628 432 1975 515; x_wconf 75' lang='lat' dir='ltr'><strong>collocent,</strong></span> <span class='ocrx_word' id='word_1_27' title='bbox 2028 433 2100 497; x_wconf 92' lang='lat' dir='ltr'><strong>in</strong></span> <span class='ocrx_word' id='word_1_28' title='bbox 2154 455 2338 518; x_wconf 90' lang='lat' dir='ltr'><strong>quos,</strong></span> 
     </span>
     <span class='ocr_line' id='line_1_4' title="bbox 315 519 2338 607; baseline 0 -21"><span class='ocrx_word' id='word_1_29' title='bbox 315 522 373 586; x_wconf 93' lang='lat' dir='ltr'><strong>si</strong></span> <span class='ocrx_word' id='word_1_30' title='bbox 417 522 530 606; x_wconf 87' lang='lat' dir='ltr'><strong>qui</strong></span> <span class='ocrx_word' id='word_1_31' title='bbox 573 544 654 588; x_wconf 90' lang='lat' dir='ltr'><strong>ex</strong></span> <span class='ocrx_word' id='word_1_32' title='bbox 697 521 832 587; x_wconf 88' lang='lat' dir='ltr'><strong>acie</strong></span> <span class='ocrx_word' id='word_1_33' title='bbox 875 520 1185 607; x_wconf 83' lang='lat' dir='ltr'><strong>fugerint,</strong></span> <span class='ocrx_word' id='word_1_34' title='bbox 1232 520 1310 584; x_wconf 91' lang='lat' dir='ltr'><strong>de</strong></span> <span class='ocrx_word' id='word_1_35' title='bbox 1354 520 1707 603; x_wconf 86' lang='lat' dir='ltr'><strong>improviso</strong></span> <span class='ocrx_word' id='word_1_36' title='bbox 1754 519 2060 586; x_wconf 73' lang='lat' dir='ltr'><strong>incidant.</strong></span> <span class='ocrx_word' id='word_1_37' title='bbox 2121 519 2338 588; x_wconf 68' lang='lat' dir='ltr'><strong>,Nimi-</strong></span> 
     </span>
     <span class='ocr_line' id='line_1_5' title="bbox 314 608 2336 692; baseline 0.001 -18"><span class='ocrx_word' id='word_1_38' title='bbox 314 632 460 675; x_wconf 92' lang='lat' dir='ltr'><strong>rum</strong></span> <span class='ocrx_word' id='word_1_39' title='bbox 515 609 818 674; x_wconf 89' lang='lat' dir='ltr'><strong>similiter</strong></span> <span class='ocrx_word' id='word_1_40' title='bbox 872 609 1272 674; x_wconf 74' lang='lat' dir='ltr'><strong>arbitrantur</strong></span> <span class='ocrx_word' id='word_1_41' title='bbox 1321 608 1434 673; x_wconf 89' lang='lat' dir='ltr'><strong>isti</strong></span> <span class='ocrx_word' id='word_1_42' title='bbox 1481 608 1800 673; x_wconf 89' lang='lat' dir='ltr'><strong>bonorum</strong></span> <span class='ocrx_word' id='word_1_43' title='bbox 1846 611 2171 692; x_wconf 73' lang='lat' dir='ltr'><strong>emptores</strong></span> <span class='ocrx_word' id='word_1_44' title='bbox 2218 631 2336 676; x_wconf 82' lang='lat' dir='ltr'><strong>vos</strong></span> 
     </span>
     <span class='ocr_line' id='line_1_6' title="bbox 312 695 2392 781; baseline 0.001 -20"><span class='ocrx_word' id='word_1_45' title='bbox 312 698 440 781; x_wconf 90' lang='lat' dir='ltr'><strong>hic,</strong></span> <span class='ocrx_word' id='word_1_46' title='bbox 484 698 653 763; x_wconf 90' lang='lat' dir='ltr'><strong>tales</strong></span> <span class='ocrx_word' id='word_1_47' title='bbox 689 697 883 780; x_wconf 83' lang='lat' dir='ltr'><strong>viros,</strong></span> <span class='ocrx_word' id='word_1_48' title='bbox 930 696 1169 777; x_wconf 88' lang='lat' dir='ltr'><strong>sedere,</strong></span> <span class='ocrx_word' id='word_1_49' title='bbox 1214 695 1327 779; x_wconf 91' lang='lat' dir='ltr'><strong>qui</strong></span> <span class='ocrx_word' id='word_1_50' title='bbox 1361 695 1696 780; x_wconf 86' lang='lat' dir='ltr'><strong>excipiatis</strong></span> <span class='ocrx_word' id='word_1_51' title='bbox 1743 716 1873 777; x_wconf 93' lang='lat' dir='ltr'><strong>eos,</strong></span> <span class='ocrx_word' id='word_1_52' title='bbox 1919 696 2030 780; x_wconf 86' lang='lat' dir='ltr'><strong>qui</strong></span> <span class='ocrx_word' id='word_1_53' title='bbox 2077 696 2155 762; x_wconf 91' lang='lat' dir='ltr'><strong>de</strong></span> <span class='ocrx_word' id='word_1_54' title='bbox 2201 699 2336 763; x_wconf 91' lang='lat' dir='ltr'><strong>suis</strong></span> <span class='ocrx_word' id='word_1_55' title='bbox 2363 723 2392 764; x_wconf 79' lang='lat'><strong>5</strong></span> 
     </span>
     <span class='ocr_line' id='line_1_7' title="bbox 315 782 2339 869; baseline 0 -18"><span class='ocrx_word' id='word_1_56' title='bbox 315 785 612 851; x_wconf 87' lang='lat' dir='ltr'><strong>manibus</strong></span> <span class='ocrx_word' id='word_1_57' title='bbox 673 784 1035 869; x_wconf 82' lang='lat' dir='ltr'><strong>effugerint.</strong></span> <span class='ocrx_word' id='word_1_58' title='bbox 1114 783 1201 848; x_wconf 94' lang='lat' dir='ltr'><strong>Di</strong></span> <span class='ocrx_word' id='word_1_59' title='bbox 1253 782 1670 867; x_wconf 84' lang='lat' dir='ltr'><strong>prohibeant,</strong></span> <span class='ocrx_word' id='word_1_60' title='bbox 1732 782 1974 848; x_wconf 88' lang='lat' dir='ltr'><strong>iudices</strong></span> <span class='ocrx_word' id='word_1_61' title='bbox 1984 834 2004 867; x_wconf 90' lang='lat'><strong>,</strong></span> <span class='ocrx_word' id='word_1_62' title='bbox 2059 805 2142 850; x_wconf 93' lang='lat' dir='ltr'><strong>ne</strong></span> <span class='ocrx_word' id='word_1_63' title='bbox 2194 785 2339 869; x_wconf 90' lang='lat' dir='ltr'><strong>hoc,</strong></span> 
     </span>
     <span class='ocr_line' id='line_1_8' title="bbox 317 871 2336 957; baseline 0 -20"><span class='ocrx_word' id='word_1_64' title='bbox 317 872 489 957; x_wconf 88' lang='lat' dir='ltr'><strong>quod</strong></span> <span class='ocrx_word' id='word_1_65' title='bbox 556 872 835 937; x_wconf 88' lang='lat' dir='ltr'><strong>maiores</strong></span> <span class='ocrx_word' id='word_1_66' title='bbox 897 871 1241 937; x_wconf 90' lang='lat' dir='ltr'><strong>consilium</strong></span> <span class='ocrx_word' id='word_1_67' title='bbox 1295 871 1628 955; x_wconf 88' lang='lat' dir='ltr'><strong>publicum</strong></span> <span class='ocrx_word' id='word_1_68' title='bbox 1691 871 1912 936; x_wconf 82' lang='lat' dir='ltr'><strong>vocari</strong></span> <span class='ocrx_word' id='word_1_69' title='bbox 1974 872 2336 957; x_wconf 82' lang='lat' dir='ltr'><strong>voluerunt,</strong></span> 
     </span>
    </p>

    <p class='ocr_par' dir='ltr' id='par_1_3' title="bbox 215 957 2335 1043">
     <span class='ocr_line' id='line_1_9' title="bbox 215 957 2335 1043; baseline -0.001 -17"><span class='ocrx_word' id='word_1_70' title='bbox 215 978 314 1027; x_wconf 79' lang='lat'><strong>152</strong></span> <span class='ocrx_word' id='word_1_71' title='bbox 351 960 744 1043; x_wconf 84' lang='lat' dir='ltr'><strong>praesidium</strong></span> <span class='ocrx_word' id='word_1_72' title='bbox 792 963 1116 1024; x_wconf 89' lang='lat' dir='ltr'><strong>sectorum</strong></span> <span class='ocrx_word' id='word_1_73' title='bbox 1161 958 1591 1024; x_wconf 82' lang='lat' dir='ltr'><strong>existimetur!</strong></span> <span class='ocrx_word' id='word_1_74' title='bbox 1671 957 1780 1023; x_wconf 84' lang='lat' dir='ltr'><strong>An</strong></span> <span class='ocrx_word' id='word_1_75' title='bbox 1835 980 2018 1043; x_wconf 85' lang='lat' dir='ltr'><strong>vero,</strong></span> <span class='ocrx_word' id='word_1_76' title='bbox 2075 959 2335 1042; x_wconf 87' lang='lat' dir='ltr'><strong>iudices,</strong></span> 
     </span>
    </p>

    <p class='ocr_par' dir='ltr' id='par_1_4' title="bbox 316 1045 2332 1134">
     <span class='ocr_line' id='line_1_10' title="bbox 316 1045 2332 1134; baseline -0.001 -22"><span class='ocrx_word' id='word_1_77' title='bbox 316 1069 435 1113; x_wconf 81' lang='lat' dir='ltr'><strong>vos</strong></span> <span class='ocrx_word' id='word_1_78' title='bbox 479 1070 610 1113; x_wconf 93' lang='lat' dir='ltr'><strong>non</strong></span> <span class='ocrx_word' id='word_1_79' title='bbox 644 1047 1029 1134; x_wconf 83' lang='lat' dir='ltr'><strong>intellegitis</strong></span> <span class='ocrx_word' id='word_1_80' title='bbox 1074 1046 1240 1111; x_wconf 89' lang='lat' dir='ltr'><strong>nihil</strong></span> <span class='ocrx_word' id='word_1_81' title='bbox 1279 1045 1456 1112; x_wconf 88' lang='lat' dir='ltr'><strong>aliud</strong></span> <span class='ocrx_word' id='word_1_82' title='bbox 1493 1046 1620 1130; x_wconf 81' lang='lat' dir='ltr'><strong>agi,</strong></span> <span class='ocrx_word' id='word_1_83' title='bbox 1663 1046 1793 1111; x_wconf 86' lang='lat' dir='ltr'><strong>nisi</strong></span> <span class='ocrx_word' id='word_1_84' title='bbox 1827 1049 1904 1111; x_wconf 92' lang='lat' dir='ltr'><strong>ut</strong></span> <span class='ocrx_word' id='word_1_85' title='bbox 1938 1047 2332 1131; x_wconf 88' lang='lat' dir='ltr'><strong>proscripto-</strong></span> 
     </span>
    </p>

    <p class='ocr_par' dir='ltr' id='par_1_5' title="bbox 316 1133 2415 1920">
     <span class='ocr_line' id='line_1_11' title="bbox 318 1133 2415 1220; baseline -0 -19"><span class='ocrx_word' id='word_1_86' title='bbox 318 1158 463 1201; x_wconf 86' lang='lat' dir='ltr'><strong>rum</strong></span> <span class='ocrx_word' id='word_1_87' title='bbox 501 1136 693 1200; x_wconf 89' lang='lat' dir='ltr'><strong>liberi</strong></span> <span class='ocrx_word' id='word_1_88' title='bbox 729 1136 958 1220; x_wconf 80' lang='lat' dir='ltr'><strong>quavis</strong></span> <span class='ocrx_word' id='word_1_89' title='bbox 994 1134 1249 1200; x_wconf 89' lang='lat' dir='ltr'><strong>ratione</strong></span> <span class='ocrx_word' id='word_1_90' title='bbox 1285 1134 1624 1217; x_wconf 88' lang='lat' dir='ltr'><strong>tollantur,</strong></span> <span class='ocrx_word' id='word_1_91' title='bbox 1664 1137 1730 1198; x_wconf 89' lang='lat' dir='ltr'><strong>et</strong></span> <span class='ocrx_word' id='word_1_92' title='bbox 1767 1134 1904 1199; x_wconf 89' lang='lat' dir='ltr'><strong>eius</strong></span> <span class='ocrx_word' id='word_1_93' title='bbox 1943 1135 2035 1199; x_wconf 91' lang='lat' dir='ltr'><strong>rei</strong></span> <span class='ocrx_word' id='word_1_94' title='bbox 2070 1133 2330 1199; x_wconf 88' lang='lat' dir='ltr'><strong>initium</strong></span> <span class='ocrx_word' id='word_1_95' title='bbox 2359 1161 2415 1201; x_wconf 85' lang='grc' dir='ltr'><strong>ιο</strong></span> 
     </span>
     <span class='ocr_line' id='line_1_12' title="bbox 316 1184 2332 1306; baseline -0.001 -17"><span class='ocrx_word' id='word_1_96' title='bbox 316 1224 388 1289; x_wconf 92' lang='grc' dir='ltr'><strong>ιιι</strong></span> <span class='ocrx_word' id='word_1_97' title='bbox 440 1228 661 1289; x_wconf 82' lang='lat' dir='ltr'><strong>vestro</strong></span> <span class='ocrx_word' id='word_1_98' title='bbox 715 1224 854 1288; x_wconf 89' lang='lat' dir='ltr'><strong>iure</strong></span> <span class='ocrx_word' id='word_1_99' title='bbox 908 1222 1178 1288; x_wconf 88' lang='lat' dir='ltr'><strong>iurando</strong></span> <span class='ocrx_word' id='word_1_100' title='bbox 1235 1226 1431 1306; x_wconf 87' lang='lat' dir='ltr'><strong>atque</strong></span> <span class='ocrx_word' id='word_1_101' title='bbox 1486 1223 1553 1286; x_wconf 91' lang='lat' dir='ltr'><strong>in</strong></span> <span class='ocrx_word' id='word_1_102' title='bbox 1602 1184 1743 1287; x_wconf 86' lang='lat' dir='ltr'><strong>Sex.</strong></span> <span class='ocrx_word' id='word_1_103' title='bbox 1798 1221 1995 1288; x_wconf 80' lang='lat' dir='ltr'><strong>Rosci</strong></span> <span class='ocrx_word' id='word_1_104' title='bbox 2048 1223 2332 1306; x_wconf 86' lang='lat' dir='ltr'><strong>periculo</strong></span> 
     </span>
     <span class='ocr_line' id='line_1_13' title="bbox 319 1309 2337 1395; baseline -0.001 -19"><span class='ocrx_word' id='word_1_105' title='bbox 319 1310 585 1395; x_wconf 75' lang='lat' dir='ltr'><strong>quaeri?</strong></span> <span class='ocrx_word' id='word_1_106' title='bbox 656 1310 1022 1377; x_wconf 88' lang='lat' dir='ltr'><strong>Dubiumne</strong></span> <span class='ocrx_word' id='word_1_107' title='bbox 1061 1314 1178 1394; x_wconf 88' lang='lat' dir='ltr'><strong>est,</strong></span> <span class='ocrx_word' id='word_1_108' title='bbox 1224 1310 1309 1375; x_wconf 89' lang='lat' dir='ltr'><strong>ad</strong></span> <span class='ocrx_word' id='word_1_109' title='bbox 1345 1332 1530 1394; x_wconf 87' lang='lat' dir='ltr'><strong>quem</strong></span> <span class='ocrx_word' id='word_1_110' title='bbox 1571 1309 1958 1375; x_wconf 88' lang='lat' dir='ltr'><strong>maleficium</strong></span> <span class='ocrx_word' id='word_1_111' title='bbox 1993 1309 2337 1395; x_wconf 86' lang='lat' dir='ltr'><strong>pertineat,</strong></span> 
     </span>
     <span class='ocr_line' id='line_1_14' title="bbox 318 1397 2337 1482; baseline -0.001 -19"><span class='ocrx_word' id='word_1_112' title='bbox 318 1420 465 1463; x_wconf 89' lang='lat' dir='ltr'><strong>cum</strong></span> <span class='ocrx_word' id='word_1_113' title='bbox 516 1398 792 1463; x_wconf 83' lang='lat' dir='ltr'><strong>videatis</strong></span> <span class='ocrx_word' id='word_1_114' title='bbox 848 1421 927 1463; x_wconf 89' lang='lat' dir='ltr'><strong>ex</strong></span> <span class='ocrx_word' id='word_1_115' title='bbox 981 1398 1189 1463; x_wconf 87' lang='lat' dir='ltr'><strong>altera</strong></span> <span class='ocrx_word' id='word_1_116' title='bbox 1245 1402 1434 1482; x_wconf 89' lang='lat' dir='ltr'><strong>parte</strong></span> <span class='ocrx_word' id='word_1_117' title='bbox 1486 1401 1820 1482; x_wconf 86' lang='lat' dir='ltr'><strong>sectorem,</strong></span> <span class='ocrx_word' id='word_1_118' title='bbox 1862 1397 2209 1481; x_wconf 88' lang='lat' dir='ltr'><strong>inimicum,</strong></span> <span class='ocrx_word' id='word_1_119' title='bbox 2256 1398 2337 1462; x_wconf 92' lang='lat' dir='ltr'><strong>si·</strong></span> 
     </span>
     <span class='ocr_line' id='line_1_15' title="bbox 320 1484 2337 1570; baseline 0 -20"><span class='ocrx_word' id='word_1_120' title='bbox 320 1485 565 1550; x_wconf 88' lang='lat' dir='ltr'><strong>carium</strong></span> <span class='ocrx_word' id='word_1_121' title='bbox 647 1484 1044 1568; x_wconf 89' lang='lat' dir='ltr'><strong>eundemque</strong></span> <span class='ocrx_word' id='word_1_122' title='bbox 1126 1488 1569 1550; x_wconf 89' lang='lat' dir='ltr'><strong>accusatorem</strong></span> <span class='ocrx_word' id='word_1_123' title='bbox 1647 1485 1770 1550; x_wconf 89' lang='lat' dir='ltr'><strong>hoc</strong></span> <span class='ocrx_word' id='word_1_124' title='bbox 1849 1488 2168 1588; x_wconf 86' lang='lat' dir='ltr'><strong>tempore,</strong></span> <span class='ocrx_word' id='word_1_125' title='bbox 2258 1507 2337 1550; x_wconf 89' lang='lat' dir='ltr'><strong>ex</strong></span> 
     </span>
     <span class='ocr_line' id='line_1_16' title="bbox 320 1571 2415 1657; baseline 0.002 -22"><span class='ocrx_word' id='word_1_126' title='bbox 320 1571 527 1636; x_wconf 88' lang='lat' dir='ltr'><strong>altera</strong></span> <span class='ocrx_word' id='word_1_127' title='bbox 582 1575 769 1657; x_wconf 89' lang='lat' dir='ltr'><strong>parte</strong></span> <span class='ocrx_word' id='word_1_128' title='bbox 824 1575 1148 1657; x_wconf 84' lang='lat' dir='ltr'><strong>egentem,</strong></span> <span class='ocrx_word' id='word_1_129' title='bbox 1200 1574 1549 1656; x_wconf 89' lang='lat' dir='ltr'><strong>probatum</strong></span> <span class='ocrx_word' id='word_1_130' title='bbox 1603 1573 1736 1638; x_wconf 90' lang='lat' dir='ltr'><strong>suis</strong></span> <span class='ocrx_word' id='word_1_131' title='bbox 1792 1572 2027 1655; x_wconf 88' lang='lat' dir='ltr'><strong>filium,</strong></span> <span class='ocrx_word' id='word_1_132' title='bbox 2083 1574 2168 1638; x_wconf 93' lang='grc' dir='ltr'><strong>ιιι</strong></span> <span class='ocrx_word' id='word_1_133' title='bbox 2207 1595 2335 1657; x_wconf 91' lang='lat' dir='ltr'><strong>quo</strong></span> <span class='ocrx_word' id='word_1_134' title='bbox 2366 1599 2415 1639; x_wconf 81' lang='lat'><strong>1⁵</strong></span> 
     </span>
     <span class='ocr_line' id='line_1_17' title="bbox 317 1659 2337 1746; baseline 0 -22"><span class='ocrx_word' id='word_1_135' title='bbox 317 1681 449 1724; x_wconf 92' lang='lat' dir='ltr'><strong>non</strong></span> <span class='ocrx_word' id='word_1_136' title='bbox 494 1659 686 1725; x_wconf 91' lang='lat' dir='ltr'><strong>modo</strong></span> <span class='ocrx_word' id='word_1_137' title='bbox 732 1660 923 1744; x_wconf 90' lang='lat' dir='ltr'><strong>culpa</strong></span> <span class='ocrx_word' id='word_1_138' title='bbox 965 1660 1169 1742; x_wconf 91' lang='lat' dir='ltr'><strong>nulla,</strong></span> <span class='ocrx_word' id='word_1_139' title='bbox 1214 1660 1331 1724; x_wconf 90' lang='lat' dir='ltr'><strong>sed</strong></span> <span class='ocrx_word' id='word_1_140' title='bbox 1372 1682 1453 1725; x_wconf 92' lang='lat' dir='ltr'><strong>ne</strong></span> <span class='ocrx_word' id='word_1_141' title='bbox 1498 1660 1777 1745; x_wconf 90' lang='lat' dir='ltr'><strong>suspicio</strong></span> <span class='ocrx_word' id='word_1_142' title='bbox 1815 1661 2075 1744; x_wconf 90' lang='lat' dir='ltr'><strong>quidem</strong></span> <span class='ocrx_word' id='word_1_143' title='bbox 2119 1662 2337 1746; x_wconf 89' lang='lat' dir='ltr'><strong>potuit</strong></span> 
     </span>
     <span class='ocr_line' id='line_1_18' title="bbox 320 1746 2331 1831; baseline 0.001 -19"><span class='ocrx_word' id='word_1_144' title='bbox 320 1748 714 1813; x_wconf 74' lang='lat' dir='ltr'><strong>consistere?</strong></span> <span class='ocrx_word' id='word_1_145' title='bbox 813 1746 1145 1831; x_wconf 86' lang='lat' dir='ltr'><strong>Numquid</strong></span> <span class='ocrx_word' id='word_1_146' title='bbox 1198 1747 1306 1813; x_wconf 88' lang='lat' dir='ltr'><strong>hic</strong></span> <span class='ocrx_word' id='word_1_147' title='bbox 1361 1747 1538 1813; x_wconf 91' lang='lat' dir='ltr'><strong>aliud</strong></span> <span class='ocrx_word' id='word_1_148' title='bbox 1590 1748 1824 1814; x_wconf 82' lang='lat' dir='ltr'><strong>videtis</strong></span> <span class='ocrx_word' id='word_1_149' title='bbox 1880 1748 2140 1814; x_wconf 81' lang='lat' dir='ltr'><strong>obstare</strong></span> <span class='ocrx_word' id='word_1_150' title='bbox 2193 1748 2331 1815; x_wconf 77' lang='lat' dir='ltr'><strong>Sex.</strong></span> 
     </span>
     <span class='ocr_line' id='line_1_19' title="bbox 355 1834 1897 1920; baseline 0 -20"><span class='ocrx_word' id='word_1_151' title='bbox 355 1834 613 1919; x_wconf 86' lang='lat' dir='ltr'><strong>Rosci0,</strong></span> <span class='ocrx_word' id='word_1_152' title='bbox 655 1834 783 1900; x_wconf 92' lang='lat' dir='ltr'><strong>nisi</strong></span> <span class='ocrx_word' id='word_1_153' title='bbox 829 1835 1001 1919; x_wconf 90' lang='lat' dir='ltr'><strong>quod</strong></span> <span class='ocrx_word' id='word_1_154' title='bbox 1045 1835 1253 1920; x_wconf 89' lang='lat' dir='ltr'><strong>patris</strong></span> <span class='ocrx_word' id='word_1_155' title='bbox 1299 1836 1472 1902; x_wconf 84' lang='lat' dir='ltr'><strong>bona</strong></span> <span class='ocrx_word' id='word_1_156' title='bbox 1513 1836 1897 1901; x_wconf 79' lang='lat' dir='ltr'><strong>venierunt?</strong></span> 
     </span>
    </p>

    <p class='ocr_par' dir='ltr' id='par_1_6' title="bbox 319 1923 2418 2184">
     <span class='ocr_line' id='line_1_20' title="bbox 452 1923 2302 2007; baseline -0.001 -18"><span class='ocrx_word' id='word_1_157' title='bbox 452 1923 695 1999; x_wconf 85' lang='lat' dir='ltr'><strong>Quodsi</strong></span> <span class='ocrx_word' id='word_1_158' title='bbox 747 1923 814 1989; x_wconf 91' lang='lat' dir='ltr'><strong>id</strong></span> <span class='ocrx_word' id='word_1_159' title='bbox 867 1945 984 1989; x_wconf 85' lang='lat' dir='ltr'><strong>vos</strong></span> <span class='ocrx_word' id='word_1_160' title='bbox 1039 1923 1367 2007; x_wconf 89' lang='lat' dir='ltr'><strong>suscipitis</strong></span> <span class='ocrx_word' id='word_1_161' title='bbox 1427 1927 1492 1988; x_wconf 88' lang='lat' dir='ltr'><strong>et</strong></span> <span class='ocrx_word' id='word_1_162' title='bbox 1538 1923 1621 1988; x_wconf 90' lang='lat' dir='ltr'><strong>ad</strong></span> <span class='ocrx_word' id='word_1_163' title='bbox 1666 1945 1809 1989; x_wconf 89' lang='lat' dir='ltr'><strong>eam</strong></span> <span class='ocrx_word' id='word_1_164' title='bbox 1854 1944 1989 1987; x_wconf 87' lang='lat' dir='ltr'><strong>rem</strong></span> <span class='ocrx_word' id='word_1_165' title='bbox 2037 1945 2302 2007; x_wconf 91' lang='lat' dir='ltr'><strong>operam</strong></span> 
     </span>
     <span class='ocr_line' id='line_1_21' title="bbox 355 2011 2418 2097; baseline 0.001 -20"><span class='ocrx_word' id='word_1_166' title='bbox 355 2015 644 2079; x_wconf 82' lang='lat' dir='ltr'><strong>vestram</strong></span> <span class='ocrx_word' id='word_1_167' title='bbox 678 2012 1092 2097; x_wconf 88' lang='lat' dir='ltr'><strong>profitemini,</strong></span> <span class='ocrx_word' id='word_1_168' title='bbox 1130 2012 1187 2077; x_wconf 90' lang='lat' dir='ltr'><strong>si</strong></span> <span class='ocrx_word' id='word_1_169' title='bbox 1222 2012 1461 2078; x_wconf 86' lang='lat' dir='ltr'><strong>idcirco</strong></span> <span class='ocrx_word' id='word_1_170' title='bbox 1491 2012 1744 2096; x_wconf 78' lang='lat' dir='ltr'><strong>sedetiS,</strong></span> <span class='ocrx_word' id='word_1_171' title='bbox 1780 2015 1855 2077; x_wconf 90' lang='lat' dir='ltr'><strong>ut</strong></span> <span class='ocrx_word' id='word_1_172' title='bbox 1883 2011 1963 2076; x_wconf 89' lang='lat' dir='ltr'><strong>ad</strong></span> <span class='ocrx_word' id='word_1_173' title='bbox 1989 2033 2106 2077; x_wconf 81' lang='lat' dir='ltr'><strong>vos</strong></span> <span class='ocrx_word' id='word_1_174' title='bbox 2137 2012 2338 2077; x_wconf 91' lang='lat' dir='ltr'><strong>addu-</strong></span> <span class='ocrx_word' id='word_1_175' title='bbox 2364 2040 2418 2079; x_wconf 74' lang='lat' dir='ltr'><strong>so</strong></span> 
     </span>
     <span class='ocr_line' id='line_1_22' title="bbox 319 2100 2339 2184; baseline -0.001 -18"><span class='ocrx_word' id='word_1_176' title='bbox 319 2104 549 2167; x_wconf 87' lang='lat' dir='ltr'><strong>cantur</strong></span> <span class='ocrx_word' id='word_1_177' title='bbox 595 2123 818 2166; x_wconf 89' lang='lat' dir='ltr'><strong>eorum</strong></span> <span class='ocrx_word' id='word_1_178' title='bbox 863 2100 1080 2183; x_wconf 87' lang='lat' dir='ltr'><strong>liberi,</strong></span> <span class='ocrx_word' id='word_1_179' title='bbox 1125 2121 1403 2184; x_wconf 87' lang='lat' dir='ltr'><strong>quorum</strong></span> <span class='ocrx_word' id='word_1_180' title='bbox 1446 2101 1618 2165; x_wconf 85' lang='lat' dir='ltr'><strong>bona</strong></span> <span class='ocrx_word' id='word_1_181' title='bbox 1673 2100 2040 2181; x_wconf 81' lang='lat' dir='ltr'><strong>venierunt,</strong></span> <span class='ocrx_word' id='word_1_182' title='bbox 2093 2103 2339 2183; x_wconf 81' lang='lat' dir='ltr'><strong>cavete,</strong></span> 
     </span>
    </p>

    <p class='ocr_par' dir='ltr' id='par_1_7' title="bbox 318 2175 2338 2358">
     <span class='ocr_line' id='line_1_23' title="bbox 318 2175 2338 2358; baseline 0 -19"><span class='ocrx_word' id='word_1_183' title='bbox 318 2188 659 2340; x_wconf 48' lang='grc' dir='ltr'>Ξειιᾶθῗιῗιῖε</span> <span class='ocrx_word' id='word_1_184' title='bbox 682 2147 2339 2358; x_wconf 40' lang='lat' dir='ltr'><strong>p&amp;mggtzllegscriigffielsgstaffiassozzseeiidxgafflg</strong></span> 
     </span>
    </p>

    <p class='ocr_par' dir='ltr' id='par_1_8' title="bbox 319 2359 2337 2447">
     <span class='ocr_line' id='line_1_24' title="bbox 319 2359 2337 2447; baseline 0.001 -24"><span class='ocrx_word' id='word_1_185' title='bbox 319 2361 516 2425; x_wconf 89' lang='lat' dir='ltr'><strong>Illam</strong></span> <span class='ocrx_word' id='word_1_186' title='bbox 560 2360 860 2445; x_wconf 86' lang='lat' dir='ltr'><strong>priorem,</strong></span> <span class='ocrx_word' id='word_1_187' title='bbox 908 2382 1070 2444; x_wconf 91' lang='lat' dir='ltr'><strong>quae</strong></span> <span class='ocrx_word' id='word_1_188' title='bbox 1110 2359 1287 2426; x_wconf 85' lang='lat' dir='ltr'><strong>facta</strong></span> <span class='ocrx_word' id='word_1_189' title='bbox 1324 2366 1424 2428; x_wconf 91' lang='lat' dir='ltr'><strong>est</strong></span> <span class='ocrx_word' id='word_1_190' title='bbox 1459 2362 1531 2427; x_wconf 91' lang='lat' dir='ltr'><strong>in</strong></span> <span class='ocrx_word' id='word_1_191' title='bbox 1566 2384 1694 2447; x_wconf 91' lang='lat' dir='ltr'><strong>eos,</strong></span> <span class='ocrx_word' id='word_1_192' title='bbox 1740 2361 1851 2447; x_wconf 89' lang='lat' dir='ltr'><strong>qui</strong></span> <span class='ocrx_word' id='word_1_193' title='bbox 1889 2385 2071 2428; x_wconf 90' lang='lat' dir='ltr'><strong>arma</strong></span> <span class='ocrx_word' id='word_1_194' title='bbox 2106 2384 2337 2446; x_wconf 90' lang='lat' dir='ltr'><strong>capere</strong></span> 
     </span>
    </p>

    <p class='ocr_par' dir='ltr' id='par_1_9' title="bbox 320 2449 2417 2535">
     <span class='ocr_line' id='line_1_25' title="bbox 320 2449 2417 2535; baseline 0.002 -25"><span class='ocrx_word' id='word_1_195' title='bbox 320 2449 699 2531; x_wconf 90' lang='lat' dir='ltr'><strong>potuerunt,</strong></span> <span class='ocrx_word' id='word_1_196' title='bbox 756 2451 975 2513; x_wconf 87' lang='lat' dir='ltr'><strong>tamen</strong></span> <span class='ocrx_word' id='word_1_197' title='bbox 1029 2452 1292 2514; x_wconf 87' lang='lat' dir='ltr'><strong>senatus</strong></span> <span class='ocrx_word' id='word_1_198' title='bbox 1352 2451 1676 2535; x_wconf 86' lang='lat' dir='ltr'><strong>suscipere</strong></span> <span class='ocrx_word' id='word_1_199' title='bbox 1737 2450 1974 2534; x_wconf 91' lang='lat' dir='ltr'><strong>noluit,</strong></span> <span class='ocrx_word' id='word_1_200' title='bbox 2035 2472 2117 2514; x_wconf 92' lang='lat' dir='ltr'><strong>ne</strong></span> <span class='ocrx_word' id='word_1_201' title='bbox 2181 2450 2338 2533; x_wconf 90' lang='lat' dir='ltr'><strong>quid</strong></span> <span class='ocrx_word' id='word_1_202' title='bbox 2364 2474 2417 2515; x_wconf 65' lang='grc' dir='ltr'><strong>ιε</strong></span> 
     </span>
    </p>

    <p class='ocr_par' dir='ltr' id='par_1_10' title="bbox 319 2535 2418 3060">
     <span class='ocr_line' id='line_1_26' title="bbox 322 2535 2336 2622; baseline 0 -22"><span class='ocrx_word' id='word_1_203' title='bbox 322 2535 550 2618; x_wconf 88' lang='lat' dir='ltr'><strong>acrius,</strong></span> <span class='ocrx_word' id='word_1_204' title='bbox 596 2557 790 2619; x_wconf 87' lang='lat' dir='ltr'><strong>quam</strong></span> <span class='ocrx_word' id='word_1_205' title='bbox 837 2557 1015 2601; x_wconf 90' lang='lat' dir='ltr'><strong>more</strong></span> <span class='ocrx_word' id='word_1_206' title='bbox 1061 2537 1378 2604; x_wconf 90' lang='lat' dir='ltr'><strong>maiorum</strong></span> <span class='ocrx_word' id='word_1_207' title='bbox 1424 2542 1869 2622; x_wconf 89' lang='lat' dir='ltr'><strong>comparatum</strong></span> <span class='ocrx_word' id='word_1_208' title='bbox 1914 2541 2031 2622; x_wconf 91' lang='lat' dir='ltr'><strong>est,</strong></span> <span class='ocrx_word' id='word_1_209' title='bbox 2075 2537 2336 2622; x_wconf 89' lang='lat' dir='ltr'><strong>publico</strong></span> 
     </span>
     <span class='ocr_line' id='line_1_27' title="bbox 321 2585 2338 2710; baseline 0 -21"><span class='ocrx_word' id='word_1_210' title='bbox 321 2585 592 2689; x_wconf 83' lang='lat' dir='ltr'><strong>consilio</strong></span> <span class='ocrx_word' id='word_1_211' title='bbox 636 2621 882 2689; x_wconf 86' lang='lat' dir='ltr'><strong>factum</strong></span> <span class='ocrx_word' id='word_1_212' title='bbox 929 2624 1281 2709; x_wconf 85' lang='lat' dir='ltr'><strong>videretur,</strong></span> <span class='ocrx_word' id='word_1_213' title='bbox 1338 2626 1506 2691; x_wconf 89' lang='lat' dir='ltr'><strong>hanc</strong></span> <span class='ocrx_word' id='word_1_214' title='bbox 1551 2647 1730 2709; x_wconf 81' lang='lat' dir='ltr'><strong>vem,</strong></span> <span class='ocrx_word' id='word_1_215' title='bbox 1776 2647 1940 2710; x_wconf 91' lang='lat' dir='ltr'><strong>quae</strong></span> <span class='ocrx_word' id='word_1_216' title='bbox 1986 2625 2069 2690; x_wconf 89' lang='lat' dir='ltr'><strong>ad</strong></span> <span class='ocrx_word' id='word_1_217' title='bbox 2114 2647 2338 2690; x_wconf 89' lang='lat' dir='ltr'><strong>eorum</strong></span> 
     </span>
     <span class='ocr_line' id='line_1_28' title="bbox 320 2676 2339 2797; baseline 0.002 -22"><span class='ocrx_word' id='word_1_218' title='bbox 320 2711 562 2776; x_wconf 89' lang='lat' dir='ltr'><strong>liberos</strong></span> <span class='ocrx_word' id='word_1_219' title='bbox 617 2715 812 2795; x_wconf 87' lang='lat' dir='ltr'><strong>atque</strong></span> <span class='ocrx_word' id='word_1_220' title='bbox 858 2713 940 2777; x_wconf 88' lang='lat' dir='ltr'><strong>ad</strong></span> <span class='ocrx_word' id='word_1_221' title='bbox 983 2712 1332 2778; x_wconf 89' lang='lat' dir='ltr'><strong>infantium</strong></span> <span class='ocrx_word' id='word_1_222' title='bbox 1377 2676 1730 2797; x_wconf 73' lang='lat' dir='ltr'><strong>puerorum7</strong></span> <span class='ocrx_word' id='word_1_223' title='bbox 1768 2713 2157 2779; x_wconf 87' lang='lat' dir='ltr'><strong>incunabula</strong></span> <span class='ocrx_word' id='word_1_224' title='bbox 2197 2734 2339 2796; x_wconf 86' lang='lat' dir='ltr'><strong>per-</strong></span> 
     </span>
     <span class='ocr_line' id='line_1_29' title="bbox 321 2794 2337 2885; baseline 0.001 -21"><span class='ocrx_word' id='word_1_225' title='bbox 321 2800 507 2881; x_wconf 90' lang='lat' dir='ltr'><strong>tinet,</strong></span> <span class='ocrx_word' id='word_1_226' title='bbox 552 2799 679 2864; x_wconf 88' lang='lat' dir='ltr'><strong>nisi</strong></span> <span class='ocrx_word' id='word_1_227' title='bbox 722 2799 847 2865; x_wconf 88' lang='lat' dir='ltr'><strong>hoc</strong></span> <span class='ocrx_word' id='word_1_228' title='bbox 891 2794 1125 2866; x_wconf 85' lang='lat' dir='ltr'><strong>iudicio</strong></span> <span class='ocrx_word' id='word_1_229' title='bbox 1173 2824 1214 2865; x_wconf 93' lang='lat' dir='ltr'><strong>a</strong></span> <span class='ocrx_word' id='word_1_230' title='bbox 1256 2801 1443 2867; x_wconf 85' lang='lat' dir='ltr'><strong>vobis</strong></span> <span class='ocrx_word' id='word_1_231' title='bbox 1488 2801 1730 2866; x_wconf 89' lang='lat' dir='ltr'><strong>reicitis</strong></span> <span class='ocrx_word' id='word_1_232' title='bbox 1777 2804 1844 2865; x_wconf 89' lang='lat' dir='ltr'><strong>et</strong></span> <span class='ocrx_word' id='word_1_233' title='bbox 1881 2800 2337 2885; x_wconf 87' lang='lat' dir='ltr'><strong>aspernamini,</strong></span> 
     </span>
     <span class='ocr_line' id='line_1_30' title="bbox 319 2887 2418 2972; baseline 0.001 -20"><span class='ocrx_word' id='word_1_234' title='bbox 319 2888 559 2969; x_wconf 84' lang='lat' dir='ltr'><strong>videte,</strong></span> <span class='ocrx_word' id='word_1_235' title='bbox 605 2908 720 2972; x_wconf 91' lang='lat' dir='ltr'><strong>per</strong></span> <span class='ocrx_word' id='word_1_236' title='bbox 766 2887 917 2953; x_wconf 90' lang='lat' dir='ltr'><strong>deos</strong></span> <span class='ocrx_word' id='word_1_237' title='bbox 962 2889 1385 2972; x_wconf 87' lang='lat' dir='ltr'><strong>immortales,</strong></span> <span class='ocrx_word' id='word_1_238' title='bbox 1430 2910 1621 2972; x_wconf 90' lang='lat' dir='ltr'><strong>quem</strong></span> <span class='ocrx_word' id='word_1_239' title='bbox 1666 2889 1734 2953; x_wconf 90' lang='lat' dir='ltr'><strong>in</strong></span> <span class='ocrx_word' id='word_1_240' title='bbox 1778 2889 1994 2954; x_wconf 91' lang='lat' dir='ltr'><strong>locum</strong></span> <span class='ocrx_word' id='word_1_241' title='bbox 2039 2909 2176 2953; x_wconf 91' lang='lat' dir='ltr'><strong>rem</strong></span> <span class='ocrx_word' id='word_1_242' title='bbox 2222 2910 2336 2972; x_wconf 90' lang='lat' dir='ltr'><strong>pu·</strong></span> <span class='ocrx_word' id='word_1_243' title='bbox 2364 2912 2418 2954; x_wconf 77' lang='lat' dir='ltr'><strong>so</strong></span> 
     </span>
     <span class='ocr_line' id='line_1_31' title="bbox 320 2939 1385 3060; baseline 0.003 -22"><span class='ocrx_word' id='word_1_244' title='bbox 320 2975 560 3041; x_wconf 89' lang='lat' dir='ltr'><strong>blicam</strong></span> <span class='ocrx_word' id='word_1_245' title='bbox 604 2978 1060 3060; x_wconf 87' lang='lat' dir='ltr'><strong>perventuram</strong></span> <span class='ocrx_word' id='word_1_246' title='bbox 1106 2939 1385 3059; x_wconf 60' lang='lat' dir='ltr'><strong>putetisl&#39;</strong></span> 
     </span>
    </p>

    <p class='ocr_par' dir='ltr' id='par_1_11' title="bbox 221 3061 2420 3578">
     <span class='ocr_line' id='line_1_32' title="bbox 221 3061 2340 3149; baseline 0.002 -26"><span class='ocrx_word' id='word_1_247' title='bbox 221 3075 319 3124; x_wconf 82' lang='lat'><strong>154</strong></span> <span class='ocrx_word' id='word_1_248' title='bbox 452 3061 766 3128; x_wconf 86' lang='lat' dir='ltr'><strong>Homines</strong></span> <span class='ocrx_word' id='word_1_249' title='bbox 813 3064 1136 3148; x_wconf 90' lang='lat' dir='ltr'><strong>sapientes</strong></span> <span class='ocrx_word' id='word_1_250' title='bbox 1185 3067 1251 3128; x_wconf 93' lang='lat' dir='ltr'><strong>et</strong></span> <span class='ocrx_word' id='word_1_251' title='bbox 1295 3064 1425 3129; x_wconf 87' lang='lat' dir='ltr'><strong>ista</strong></span> <span class='ocrx_word' id='word_1_252' title='bbox 1470 3064 1859 3129; x_wconf 87' lang='lat' dir='ltr'><strong>auctoritate</strong></span> <span class='ocrx_word' id='word_1_253' title='bbox 1906 3067 1971 3128; x_wconf 91' lang='lat' dir='ltr'><strong>et</strong></span> <span class='ocrx_word' id='word_1_254' title='bbox 2007 3066 2340 3149; x_wconf 89' lang='lat' dir='ltr'><strong>potestate</strong></span> 
     </span>
     <span class='ocr_line' id='line_1_33' title="bbox 319 3149 2339 3235; baseline 0 -21"><span class='ocrx_word' id='word_1_255' title='bbox 319 3149 667 3234; x_wconf 87' lang='lat' dir='ltr'><strong>praeditos,</strong></span> <span class='ocrx_word' id='word_1_256' title='bbox 713 3173 840 3234; x_wconf 90' lang='lat' dir='ltr'><strong>qua</strong></span> <span class='ocrx_word' id='word_1_257' title='bbox 884 3172 1000 3216; x_wconf 85' lang='lat' dir='ltr'><strong>vos</strong></span> <span class='ocrx_word' id='word_1_258' title='bbox 1039 3151 1226 3234; x_wconf 90' lang='lat' dir='ltr'><strong>estis,</strong></span> <span class='ocrx_word' id='word_1_259' title='bbox 1271 3173 1348 3215; x_wconf 89' lang='lat' dir='ltr'><strong>ex</strong></span> <span class='ocrx_word' id='word_1_260' title='bbox 1396 3151 1628 3235; x_wconf 89' lang='lat' dir='ltr'><strong>quibus</strong></span> <span class='ocrx_word' id='word_1_261' title='bbox 1675 3152 1868 3219; x_wconf 91' lang='lat' dir='ltr'><strong>rebus</strong></span> <span class='ocrx_word' id='word_1_262' title='bbox 1908 3152 2187 3216; x_wconf 86' lang='lat' dir='ltr'><strong>maxime</strong></span> <span class='ocrx_word' id='word_1_263' title='bbox 2232 3173 2339 3216; x_wconf 92' lang='lat' dir='ltr'><strong>res</strong></span> 
     </span>
     <span class='ocr_line' id='line_1_34' title="bbox 320 3237 2341 3320; baseline 0 -19"><span class='ocrx_word' id='word_1_264' title='bbox 320 3237 582 3318; x_wconf 90' lang='lat' dir='ltr'><strong>publica</strong></span> <span class='ocrx_word' id='word_1_265' title='bbox 617 3238 894 3320; x_wconf 90' lang='lat' dir='ltr'><strong>laborat,</strong></span> <span class='ocrx_word' id='word_1_266' title='bbox 929 3238 1009 3302; x_wconf 88' lang='lat' dir='ltr'><strong>iis</strong></span> <span class='ocrx_word' id='word_1_267' title='bbox 1046 3239 1326 3304; x_wconf 87' lang='lat' dir='ltr'><strong>maxime</strong></span> <span class='ocrx_word' id='word_1_268' title='bbox 1362 3238 1604 3303; x_wconf 89' lang='lat' dir='ltr'><strong>mederi</strong></span> <span class='ocrx_word' id='word_1_269' title='bbox 1641 3239 1956 3305; x_wconf 86' lang='lat' dir='ltr'><strong>convenit.</strong></span> <span class='ocrx_word' id='word_1_270' title='bbox 2027 3237 2341 3304; x_wconf 88' lang='lat' dir='ltr'><strong>Vestrum</strong></span> 
     </span>
     <span class='ocr_line' id='line_1_35' title="bbox 319 3326 2420 3410; baseline 0.002 -24"><span class='ocrx_word' id='word_1_271' title='bbox 319 3345 510 3387; x_wconf 90' lang='lat' dir='ltr'><strong>nemo</strong></span> <span class='ocrx_word' id='word_1_272' title='bbox 576 3328 703 3408; x_wconf 91' lang='lat' dir='ltr'><strong>est,</strong></span> <span class='ocrx_word' id='word_1_273' title='bbox 777 3327 933 3410; x_wconf 89' lang='lat' dir='ltr'><strong>quin</strong></span> <span class='ocrx_word' id='word_1_274' title='bbox 994 3326 1338 3410; x_wconf 85' lang='lat' dir='ltr'><strong>intellegat</strong></span> <span class='ocrx_word' id='word_1_275' title='bbox 1399 3326 1712 3410; x_wconf 91' lang='lat' dir='ltr'><strong>populum</strong></span> <span class='ocrx_word' id='word_1_276' title='bbox 1771 3326 2161 3407; x_wconf 87' lang='lat' dir='ltr'><strong>Romanum,</strong></span> <span class='ocrx_word' id='word_1_277' title='bbox 2224 3326 2341 3408; x_wconf 89' lang='lat' dir='ltr'><strong>qui</strong></span> <span class='ocrx_word' id='word_1_278' title='bbox 2368 3349 2420 3391; x_wconf 73' lang='lat' dir='ltr'><strong>ss</strong></span> 
     </span>
     <span class='ocr_line' id='line_1_36' title="bbox 324 3411 2340 3490; baseline 0.004 -20"><span class='ocrx_word' id='word_1_279' title='bbox 324 3411 648 3489; x_wconf 90' lang='lat' dir='ltr'><strong>quondam</strong></span> <span class='ocrx_word' id='word_1_280' title='bbox 727 3413 796 3476; x_wconf 94' lang='lat' dir='ltr'><strong>in</strong></span> <span class='ocrx_word' id='word_1_281' title='bbox 875 3414 1097 3479; x_wconf 89' lang='lat' dir='ltr'><strong>hostes</strong></span> <span class='ocrx_word' id='word_1_282' title='bbox 1170 3411 1538 3476; x_wconf 84' lang='lat' dir='ltr'><strong>lenissimus</strong></span> <span class='ocrx_word' id='word_1_283' title='bbox 1612 3413 2132 3490; x_wconf 87' lang='lat' dir='ltr'><strong>existimabatur,</strong></span> <span class='ocrx_word' id='word_1_284' title='bbox 2211 3412 2340 3478; x_wconf 90' lang='lat' dir='ltr'><strong>hoc</strong></span> 
     </span>
     <span class='ocr_line' id='line_1_37' title="bbox 322 3492 2341 3578; baseline 0.004 -21"><span class='ocrx_word' id='word_1_285' title='bbox 322 3497 616 3578; x_wconf 89' lang='lat' dir='ltr'><strong>tempore</strong></span> <span class='ocrx_word' id='word_1_286' title='bbox 655 3492 1005 3564; x_wconf 80' lang='lat' dir='ltr'><strong>domestica</strong></span> <span class='ocrx_word' id='word_1_287' title='bbox 1051 3499 1432 3564; x_wconf 88' lang='lat' dir='ltr'><strong>crudelitate</strong></span> <span class='ocrx_word' id='word_1_288' title='bbox 1479 3499 1796 3565; x_wconf 83' lang='lat' dir='ltr'><strong>laborare.</strong></span> <span class='ocrx_word' id='word_1_289' title='bbox 1884 3498 2072 3564; x_wconf 90' lang='lat' dir='ltr'><strong>Hanc</strong></span> <span class='ocrx_word' id='word_1_290' title='bbox 2116 3499 2341 3565; x_wconf 90' lang='lat' dir='ltr'><strong>tollite</strong></span> 
     </span>
    </p>
   </div>
   <div class='ocr_carea' id='block_1_3' title="bbox 215 1898 316 2024">
    <p class='ocr_par' dir='ltr' id='par_1_12' title="bbox 215 1898 316 2024">
     <span class='ocr_line' id='line_1_38' title="bbox 215 1898 316 2024; baseline 0.01 -1"><span class='ocrx_word' id='word_1_291' title='bbox 215 1898 316 2024; x_wconf 46' lang='lat' dir='ltr'><strong>&amp;a</strong></span> 
     </span>
    </p>
   </div>
  </div>
 </body>
</html>
