2566 4016
850 222 1004 277 CAP.
1044 230 1253 279 37—89
1291 230 1321 290 ὅ
1362 231 1654 281 108-115.
2180 230 2265 293 67

237 386 582 432 commune
608 365 1004 450 praesidium
1033 371 1117 450 et,
1155 372 1471 452 quantum
1498 369 1568 434 in
1601 369 1746 454 ipso
1785 376 1903 455 est,
1940 372 2267 439 disturbat

235 454 418 519 vitae
462 453 860 519 societatem.
941 453 1093 520 Non
1139 456 1313 521 enim
1356 479 1703 541 possumus
1742 459 1961 525 omnia
1985 483 2102 544 per
2143 483 2264 527 nos

237 563 465 629 agere3
501 541 670 606 alius
697 541 769 606 in
805 542 939 607 alia
967 547 1067 608 est
1093 566 1165 607 re
1193 545 1407 630 magis
1435 545 1636 609 utilis.
1664 544 1911 612 Idcirco
1942 549 2264 615 amicitiae

239 633 732 715 comparantur,
783 634 859 694 ut
903 652 1241 696 commune
1288 634 1696 698 commodum
1740 634 1986 700 mutuis
2033 635 2264 702 officiis

106 769 114 774 .
178 738 207 777 5
239 718 657 804 gubernetur.
703 717 872 795 Quid
898 719 1131 803 recipis
1159 721 1556 806 mandatum,
1589 722 1647 786 si
1676 727 1788 787 aut
1814 725 2229 810 neglecturus
2268 746 2369 794 112

240 810 358 870 aut
405 805 488 871 ad
531 809 718 871 tuum
763 808 1171 873 commodum
1217 830 1645 875 conversurus
1692 812 1804 876 es‘?
1842 833 1955 877 cur
1992 813 2153 877 mihi
2196 817 2263 878 te

242 894 439 958 offers
484 916 561 958 ac
601 894 766 959 meis
801 896 1155 960 commodis
1201 896 1416 962 officio
1461 898 1767 964 simulato
1807 899 2012 965 officis
2050 905 2117 966 et
2153 902 2262 967 ob·

240 982 427 1047 stas?
489 980 738 1047 Recede
776 982 853 1046 de
887 984 1128 1068 medi03
1163 1007 1281 1069 per
1310 986 1510 1050 alium
1539 988 1918 1072 transigam.
1979 987 2262 1074 Suscipis

240 1090 405 1135 onus
477 1069 705 1153 officii,
779 1071 950 1154 quod
1011 1076 1078 1136 te
1147 1077 1341 1157 putas
1417 1075 1734 1139 sustinere
1800 1097 2017 1159 posse3
2091 1079 2263 1160 quod

158 1178 212 1217 10
241 1158 509 1223 minime
545 1157 801 1223 videtur
842 1180 1041 1243 grave
1085 1159 1187 1243 iis,
1233 1161 1346 1244 qui
1391 1162 1655 1226 minime
1698 1162 1829 1246 ipsi
1873 1163 2044 1227 leves
2093 1169 2262 1229 sunt.

238 1246 424 1331 Ergo
482 1245 719 1311 idcirco
774 1247 986 1331 turpis
1040 1247 1198 1312 haec
1255 1249 1447 1332 culpa
1492 1253 1619 1330 est,
1675 1250 1847 1331 quod
1902 1250 2061 1315 duas
2117 1273 2222 1315 res
2278 1255 2369 1319 39

241 1333 685 1399 sanctissimas
731 1334 965 1417 violat,
1025 1334 1381 1400 amicitiam
1428 1340 1494 1401 et
1536 1336 1746 1401 fidem.
1837 1336 2010 1401 Nam
2054 1361 2262 1423 neque

239 1422 511 1486 mandat
564 1422 908 1506 quisquam
961 1421 1097 1487 fere
1150 1423 1278 1488 nisi
1334 1423 1539 1489 amico
1594 1447 1803 1510 neque
1867 1426 2070 1491 credit
2132 1428 2261 1493 nisi

241 1510 318 1593 ei,
356 1532 549 1594 quem
584 1510 842 1575 fidelem
877 1513 1085 1595 putat.
1147 1510 1581 1577 Perditissimi
1619 1518 1719 1578 est
1746 1514 1949 1600 igitur
1976 1516 2258 1581 hominis

159 1616 211 1657 15
240 1598 437 1663 simul
482 1602 551 1662 et
598 1597 949 1663 amicitiam
995 1599 1347 1666 dissolvere
1393 1606 1458 1665 et
1501 1601 1730 1667 fallere
1776 1625 1940 1687 eum,
1986 1605 2096 1689 qui
2133 1606 2259 1670 lae·

243 1707 353 1751 sus
390 1708 524 1751 non
560 1690 750 1769 esset,
793 1686 922 1749 nisi
959 1688 1347 1753 credidisset.
1428 1688 1614 1754 Itane
1652 1692 1796 1755 est‘?
1833 1692 1901 1755 in
1936 1693 2222 1757 minimis
2263 1709 2363 1758 113

238 1774 435 1838 rebus
499 1773 609 1858 qui
673 1774 1052 1839 mandatum
1113 1777 1504 1861 neglexerit,
1570 1779 1949 1861 turpissimo
2022 1780 2257 1845 iudicio

243 1862 705 1926 condemnetur
748 1884 1006 1927 necesse
1044 1867 1161 1945 est,
1204 1865 1277 1928 in
1312 1887 1382 1928 re
1418 1868 1606 1928 tanta
1643 1887 1787 1929 cum
1823 1866 1899 1948 is,
1945 1866 2049 1931 cui
2080 1866 2260 1931 fama

243 1948 513 2033 mortui,
572 1948 873 2016 fortunae
926 1950 1059 2016 vivi
1111 1952 1598 2017 commendatae
1654 1956 1806 2017 sunt
1860 1957 2057 2037 atque
2113 1976 2258 2021 con-

158 2057 215 2097 20
242 2038 550 2123 creditae,
604 2039 965 2124 ignominia
1009 2043 1366 2121 mortuum,
1423 2040 1641 2121 inopia
1682 2042 1888 2105 vivum
1931 2041 2259 2128 adfecerit,

239 2127 299 2191 is
361 2127 542 2191 inter‘
595 2124 904 2192 honestos
969 2126 1263 2192 homines
1331 2132 1525 2211 atque
1599 2127 1761 2192 adeo
1830 2128 2001 2194 inter
2073 2129 2257 2196 vivos

238 2214 731 2289 numerabitur?
835 2215 915 2279 In
984 2215 1268 2280 minimis
1332 2215 1737 2301 privatisque
1799 2217 1992 2282 rebus
2057 2217 2255 2284 etiam

238 2302 658 2389 neglegentia
710 2303 1002 2368 mandati
1059 2302 1128 2369 in
1187 2304 1430 2370 crimen
1473 2304 1905 2389 iudiciumque
1950 2306 2256 2372 infamiae

238 2395 526 2475 vocatur,
571 2395 919 2476 propterea
965 2391 1154 2476 quod,
1199 2392 1255 2457 si
1296 2396 1471 2458 recte
1506 2393 1642 2476 fiat,
1686 2393 1874 2458 illum
1909 2397 2256 2484 neglegere

158 2494 211 2536 2⁵
243 2481 563 2563 oporteat,
608 2478 720 2563 qui
764 2479 1106 2562 mandarit,
1150 2502 1285 2545 non
1327 2481 1533 2564 illum,
1580 2481 1692 2565 qui
1737 2483 2115 2549 mandatum
2161 2507 2256 2550 re·

241 2566 510 2651 ceperit;
542 2565 614 2630 in
649 2587 719 2630 re
755 2570 960 2652 tanta,
997 2589 1161 2652 quae
1187 2568 1444 2653 publice
1474 2573 1662 2654 gesta
1687 2573 1882 2655 atque
1911 2572 2255 2637 commissa

239 2654 350 2736 sit,
392 2653 505 2738 qui
548 2675 681 2719 non
722 2655 1142 2740 neglegentia
1182 2656 1511 2740 privatum
1548 2657 1813 2740 aliquod
1848 2658 2256 2724 commodum

238 2741 531 2826 laeserit,
596 2741 709 2806 sed
770 2743 1042 2827 perfidia
1099 2743 1448 2828 legationis
1517 2743 1727 2829 ipsius
1797 2747 2255 2812 caerimoniam

238 2828 551 2914 polluerit
603 2831 987 2916 maculaque
1038 2830 1373 2915 adfecerit,
1439 2854 1566 2915 qua
1618 2832 1675 2896 is
1729 2833 1992 2898 tandem
2046 2855 2257 2923 poena

100 2982 106 2988 ,
157 2933 211 2974 ³0
239 2917 577 2982 adficietur
623 2921 738 2982 aut
793 2939 920 3003 quo
974 2918 1209 2984 iudicio
1263 2918 1721 2985 damnabitur?
1815 2920 1885 2986 Si
1936 2922 2105 2987 hanc
2159 2922 2218 2986 ei
2257 2937 2281 2984 1
2295 2937 2360 2985 14

237 3026 377 3069 rem
457 3004 767 3089 privatim
839 3003 979 3070 Sex.
1052 3006 1327 3071 Roscius
1408 3008 1873 3092 mandavisset,
1953 3013 2030 3073 ut
2111 3031 2253 3074 cum

238 3089 667 3177 Chrysogono
703 3093 1099 3179 transigeret
1125 3097 1321 3179 atque
1349 3094 1688 3180 decideret,
1723 3095 1918 3180 inque
1946 3118 2090 3161 eam
2117 3119 2255 3162 rem

235 3180 430 3254 fidem
478 3201 690 3265 suam,
746 3181 805 3247 si
848 3181 1002 3266 quid
1048 3204 1211 3267 opus
1257 3204 1399 3248 esse
1454 3187 1744 3268 putaret,
1795 3183 2256 3270 interponeret,

235 3266 477 3352 illeque
553 3288 694 3334 sese
764 3269 1091 3335 facturum
1161 3271 1510 3355 recepisset
1518 3266 1559 3354 ,'
1606 3292 1845 3348 nonne,
1919 3272 1976 3335 si
2039 3294 2117 3337 ex
2179 3295 2255 3339 eo

151 3371 207 3412 ³⁵
235 3355 508 3442 negotio
551 3357 883 3423 tantulum
918 3357 991 3421 in
1025 3378 1163 3423 rem
1199 3379 1387 3423 suam
1423 3357 1867 3442 convertisset,
1913 3359 2255 3426 damnatus

231 3465 352 3528 per
396 3443 720 3509 arbitrum
764 3449 831 3510 et
875 3466 1009 3510 rem
1047 3445 1422 3510 restitueret
1457 3449 1525 3510 et
1559 3445 1971 3512 honestatem
2000 3471 2255 3514 omnem

237 3531 612 3597 amitteret?
720 3530 909 3597 Nunc
965 3555 1097 3598 non
1160 3533 1335 3599 hanc
1400 3533 1460 3597 ei
1530 3555 1671 3598 rem
1741 3531 1883 3601 Sex.
1946 3536 2217 3603 Roscius
2260 3548 2360 3596 115

1757 3637 1832 3692 5*
