2566 4016
330 150 462 217 362
938 147 1019 203 IN
1057 146 1115 202 C.
1146 147 1457 202 VERREM
1490 147 1650 204 ACT.
1685 147 1754 203 11.

325 293 482 377 fuit,
540 291 903 378 imperavit.
997 289 1335 358 Summam
1391 291 1629 367 faciam
1686 291 1875 358 vobis
1932 312 2010 357 ex
2068 291 2342 377 publicis

327 381 570 447 litteris
635 402 710 447 ac
773 380 1164 447 testimoniis
1229 379 1566 446 civitatum
1626 378 1939 446 frumenti
1990 378 2063 445 in
2114 380 2344 447 cellam

324 469 660 556 imperati3
703 468 1039 554 reperietis
1077 468 1463 553 quinquiens
1509 470 1715 553 tanto,
1759 468 2021 550 iudices,
2044 469 2344 553 amplius

325 558 556 642 istum,
620 579 816 643 quam
877 561 1195 643 quantum
1255 558 1327 623 in
1390 556 1623 622 cellam
1677 576 1944 623 sumere
1981 555 2043 621 ei
2095 556 2345 622 licitum

327 647 436 731 sit,
481 647 854 713 civitatibus
900 647 1272 730 imperasse.
1347 643 1515 721 Quid
1560 644 1643 710 ad
1686 645 1854 711 hanc
1898 644 2345 728 inpudentiam
2370 673 2398 716 ⁵

326 735 479 801 addi
523 738 769 820 potest,
823 734 882 799 si
925 738 992 800 et
1038 733 1433 800 aestumavit
1476 733 1676 818 tanti,
1719 738 1795 798 ut
1835 733 2133 799 homines
2176 732 2346 799 ferre

325 846 460 889 non
512 825 805 908 possent,
859 824 927 887 et
971 826 1160 887 tanto
1203 821 1383 907 plus,
1437 842 1633 905 quam
1677 824 1822 887 erat
1866 821 1927 886 ei
1971 842 2348 888 concessum

327 911 612 996 legibus,
655 910 1046 993 imperavit?

220 1004 326 1054 22⁶
462 998 873 1084 Quapropter
934 998 1199 1084 cognita
1251 1019 1323 1063 re
1376 1000 1521 1064 tota
1571 997 2024 1081 frumentaria,
2085 997 2350 1082 iudices,

326 1086 460 1152 iam
494 1085 806 1153 facillime
840 1087 1207 1173 perspicere
1242 1085 1545 1171 poteritis
1582 1085 1890 1151 amissam
1925 1107 2069 1151 esse
2102 1085 2349 1171 populo
2378 1116 2431 1158 ιο

325 1174 625 1242 Romano
671 1174 990 1261 Siciliam,
1043 1174 1632 1241 fructuosissimam
1678 1177 1875 1259 atque
1920 1173 2351 1259 oportunissi-

326 1286 503 1330 mam
546 1265 976 1350 provinciam,
1029 1263 1160 1328 nisi
1204 1285 1350 1329 eam
1393 1284 1510 1330 vos
1556 1262 1747 1328 istius
1792 1261 2207 1327 damnatione
2250 1283 2352 1328 re-

322 1352 671 1435 cuperatis.
753 1351 921 1428 Quid
984 1355 1085 1416 est
1145 1351 1318 1417 enim
1373 1349 1621 1435 Sicilia,
1684 1349 1743 1416 si
1796 1350 1941 1437 agri
1994 1350 2353 1417 cultionem

324 1439 667 1504 sustuleris
722 1442 790 1504 et
844 1439 903 1503 si
956 1442 1290 1504 aratorum
1342 1460 1684 1505 numerum
1738 1460 1813 1504 ac
1857 1459 2097 1504 nomen
2140 1438 2351 1503 extin-

323 1526 541 1591 xeris?
625 1524 792 1601 Quid
837 1529 1056 1591 autem
1098 1529 1322 1610 potest
1366 1548 1508 1592 esse
1551 1527 1623 1592 in
1668 1526 2044 1593 calamitate
2087 1526 2354 1612 residui,
2381 1557 2434 1599 u

327 1615 499 1699 quod
532 1634 666 1679 non
712 1612 794 1679 ad
837 1613 1110 1680 miseros
1157 1616 1450 1680 aratores
1494 1614 1625 1680 isto
1670 1619 1970 1700 praetore
2014 1637 2133 1700 per
2176 1636 2354 1680 sum-

325 1725 502 1769 mam
527 1702 832 1769 iniuriam
847 1702 1414 1789 ‚ignominiamque
1449 1703 1861 1787 pervenerit?
1910 1703 2164 1788 quibus,
2200 1725 2355 1769 cum

325 1793 628 1859 decumas
692 1792 848 1858 dare
909 1791 1244 1876 deberent,
1318 1792 1426 1856 vix
1487 1792 1648 1876 ipsis
1713 1791 2017 1858 decumae
2079 1791 2354 1858 relictae

327 1886 504 1965 sunt,
566 1903 714 1947 cum
777 1880 1051 1965 pecunia
1111 1880 1482 1965 deberetur,
1544 1880 1762 1946 soluta
1818 1901 1952 1947 non
2009 1884 2136 1965 est,
2198 1901 2356 1946 cum

327 1970 578 2055 optima
614 1969 1070 2038 aestimatione
1105 1973 1369 2037 senatus
1405 1969 1806 2036 frumentum
1843 1990 1954 2036 eos
1994 1969 2066 2035 in
2110 1967 2353 2034 cellam
2382 1998 2434 2040 ιο

214 2109 305 2172 98
326 2058 479 2123 dare
541 2058 884 2142 voluisset,
948 2058 1147 2124 etiam
1209 2058 1644 2124 instrumenta
1701 2078 2009 2143 agrorum
2068 2057 2356 2124 vendere

216 2187 325 2236 22⁷
362 2146 571 2212 coacti
624 2149 796 2212 sunt.
882 2145 1037 2210 Dixi
1089 2146 1223 2212 iam
1276 2150 1459 2230 ante,
1510 2145 1751 2213 iudices
1760 2196 1780 2231 ,
1833 2149 1908 2212 ut
1951 2146 2073 2211 has
2118 2167 2354 2211 omnes

325 2234 594 2300 iniurias
658 2233 912 2299 tollatis
923 2282 942 2317 ,
1004 2236 1227 2298 tamen
1289 2233 1500 2319 ipsam
1561 2234 1884 2300 rationem
1942 2234 2170 2300 arandi
2231 2255 2355 2319 spe

326 2322 538 2405 magis
567 2323 633 2385 et
658 2320 1058 2385 iucunditate
1086 2320 1367 2406 quadam
1393 2343 1591 2406 quam
1616 2323 1833 2389 fructu
1865 2324 2063 2408 atque
2099 2323 2356 2388 emolu·

326 2411 546 2473 mento
581 2408 806 2472 teneri.
877 2406 1143 2474 Etenim
1179 2409 1262 2475 ad
1296 2410 1616 2476 incertum
1662 2432 1883 2477 casum
1929 2414 1994 2476 et
2040 2414 2355 2477 eventum
2382 2438 2434 2481 a

325 2499 540 2561 certus
586 2496 935 2580 quotannis
982 2496 1172 2564 labor
1216 2502 1285 2565 et
1327 2501 1542 2564 certus
1588 2503 1885 2584 sumptus
1930 2498 2359 2584 impenditur.

324 2584 606 2650 Annona
667 2606 863 2669 porro
925 2586 1208 2671 pretium
1268 2586 1398 2653 nisi
1454 2586 1526 2651 in
1582 2587 1956 2654 calamitate
2012 2587 2359 2664 fructuum

323 2695 458 2740 non
491 2673 722 2758 habet3
765 2673 825 2739 si
861 2678 1081 2741 autem
1117 2674 1383 2741 ubertas
1428 2673 1500 2739 in
1540 2675 1977 2760 percipiundis
2020 2674 2359 2743 fructibus

323 2763 475 2846 fuit,
539 2762 955 2848 consequitur
1015 2762 1235 2829 vilitas
1297 2762 1370 2827 in
1428 2762 1811 2848 vendundis,
1875 2768 1951 2829 ut
2004 2768 2119 2830 aut
2170 2764 2358 2830 male

323 2850 729 2917 vendendum
789 2851 1164 2937 intellegas,
1236 2850 1296 2915 si
1355 2850 1521 2916 bene
1583 2852 1925 2935 processit,
1994 2855 2109 2918 aut
2170 2853 2358 2919 male
2385 2879 2442 2922 so

323 2942 664 3024 perceptos
701 2938 970 3023 fructus,
1015 2938 1072 3004 si
1107 2942 1282 3006 recte
1318 2938 1473 3005 licet
1506 2939 1798 3006 vendere.
1871 2939 2077 3007 Totae
2123 2945 2358 3007 autern

324 3047 428 3092 res
481 3027 762 3093 rusticae
816 3026 953 3092 eius
1008 3026 1184 3093 modi
1229 3030 1411 3111 sunt,
1464 3030 1541 3093 ut
1586 3047 1696 3093 eas
1741 3049 1876 3094 non
1917 3030 2089 3095 ratio
2133 3051 2360 3114 neque

323 3113 536 3198 labor,
610 3114 722 3179 sed
794 3135 898 3179 res
961 3114 1460 3201 incertissimae,
1532 3116 1710 3181 venti
1773 3120 2361 3204 tempestatesque,

323 3202 754 3267 moderentur.
852 3202 1024 3270 Hinc
1087 3225 1234 3270 cum
1290 3224 1458 3269 unae
1516 3203 1820 3271 decumae
1873 3206 2020 3292 lege
2076 3210 2143 3271 et
2198 3227 2365 3274 con·

324 3289 662 3355 suetudine
698 3289 1141 3376 detrahantur,
1188 3291 1434 3358 alterae
1472 3293 1661 3358 novis
1705 3293 2029 3361 institutis
2073 3299 2364 3381 propter
2391 3319 2448 3364 ιι

325 3392 618 3439 annonae
671 3378 992 3444 rationem
1046 3379 1472 3465 imperentur,
1525 3384 1780 3449 ematur
1830 3386 2172 3468 praeterea
2215 3382 2364 3449 fru-

326 3462 616 3522 mentum
657 3466 1004 3544 quotannis
1048 3466 1327 3551 publice,
1348 3471 1703 3553 'postremo
1750 3470 1949 3537 etiam
1992 3469 2065 3536 in
2107 3471 2366 3538 cellam
