<?xml version="1.0" encoding="UTF-8"?>
<!DOCTYPE html PUBLIC "-//W3C//DTD XHTML 1.0 Transitional//EN"
    "http://www.w3.org/TR/xhtml1/DTD/xhtml1-transitional.dtd">
<html xmlns="http://www.w3.org/1999/xhtml" xml:lang="en" lang="en">
 <head>
  <title>
</title>
<meta http-equiv="Content-Type" content="text/html;charset=utf-8" />
  <meta name='ocr-system' content='tesseract 3.04.00' />
  <meta name='ocr-capabilities' content='ocr_page ocr_carea ocr_par ocr_line ocrx_word'/>
</head>
<body>
  <div class='ocr_page' id='page_1' title='image "./scriptaquaemans00klotgoog_0253.png"; bbox 0 0 2566 4016; ppageno 0'>
   <div class='ocr_carea' id='block_1_1' title="bbox 894 206 2295 275">
    <p class='ocr_par' dir='ltr' id='par_1_1' title="bbox 894 206 2295 275">
     <span class='ocr_line' id='line_1_1' title="bbox 894 206 2295 275; baseline 0.011 -14"><span class='ocrx_word' id='word_1_1' title='bbox 894 206 1046 262; x_wconf 75' lang='lat' dir='ltr'><strong>GAP.</strong></span> <span class='ocrx_word' id='word_1_2' title='bbox 1090 213 1302 263; x_wconf 72' lang='lat'>12-14</span> <span class='ocrx_word' id='word_1_3' title='bbox 1336 215 1368 274; x_wconf 69' lang='lat' dir='ltr'><strong>s</strong></span> <span class='ocrx_word' id='word_1_4' title='bbox 1403 214 1628 264; x_wconf 61' lang='grc' dir='ltr'><strong>κιο-42.</strong></span> <span class='ocrx_word' id='word_1_5' title='bbox 2168 210 2295 275; x_wconf 88' lang='lat'><strong>135</strong></span> 
     </span>
    </p>
   </div>
   <div class='ocr_carea' id='block_1_2' title="bbox 189 349 2398 3597">
    <p class='ocr_par' dir='ltr' id='par_1_2' title="bbox 270 349 2396 699">
     <span class='ocr_line' id='line_1_2' title="bbox 271 349 2294 436; baseline 0.001 -20"><span class='ocrx_word' id='word_1_6' title='bbox 271 349 511 417; x_wconf 90' lang='lat' dir='ltr'><strong>iudicio</strong></span> <span class='ocrx_word' id='word_1_7' title='bbox 555 353 623 414; x_wconf 89' lang='lat' dir='ltr'><strong>et</strong></span> <span class='ocrx_word' id='word_1_8' title='bbox 667 349 752 415; x_wconf 89' lang='lat' dir='ltr'><strong>ab</strong></span> <span class='ocrx_word' id='word_1_9' title='bbox 788 361 900 416; x_wconf 90' lang='lat' dir='ltr'><strong>reo</strong></span> <span class='ocrx_word' id='word_1_10' title='bbox 946 351 1283 436; x_wconf 88' lang='lat' dir='ltr'><strong>pecuniam</strong></span> <span class='ocrx_word' id='word_1_11' title='bbox 1332 352 1679 436; x_wconf 85' lang='lat' dir='ltr'><strong>acciperet,</strong></span> <span class='ocrx_word' id='word_1_12' title='bbox 1737 373 1931 436; x_wconf 90' lang='lat' dir='ltr'><strong>quam</strong></span> <span class='ocrx_word' id='word_1_13' title='bbox 1977 352 2294 420; x_wconf 88' lang='lat' dir='ltr'><strong>iudicibus</strong></span> 
     </span>
     <span class='ocr_line' id='line_1_3' title="bbox 273 437 2396 523; baseline 0.001 -19"><span class='ocrx_word' id='word_1_14' title='bbox 273 438 608 519; x_wconf 81' lang='lat' dir='ltr'><strong>divideret,</strong></span> <span class='ocrx_word' id='word_1_15' title='bbox 642 440 709 502; x_wconf 84' lang='lat' dir='ltr'><strong>et</strong></span> <span class='ocrx_word' id='word_1_16' title='bbox 746 437 830 502; x_wconf 90' lang='lat' dir='ltr'><strong>ab</strong></span> <span class='ocrx_word' id='word_1_17' title='bbox 869 444 1260 523; x_wconf 74' lang='lat' dir='ltr'><strong>accusatore,</strong></span> <span class='ocrx_word' id='word_1_18' title='bbox 1297 443 1372 504; x_wconf 89' lang='lat' dir='ltr'><strong>ut</strong></span> <span class='ocrx_word' id='word_1_19' title='bbox 1406 460 1589 504; x_wconf 91' lang='lat' dir='ltr'><strong>reum</strong></span> <span class='ocrx_word' id='word_1_20' title='bbox 1616 439 2089 507; x_wconf 90' lang='lat' dir='ltr'><strong>condem-naret.</strong></span> <span class='ocrx_word' id='word_1_21' title='bbox 2153 440 2295 507; x_wconf 87' lang='lat' dir='ltr'><strong>Iam</strong></span> <span class='ocrx_word' id='word_1_22' title='bbox 2331 447 2396 495; x_wconf 80' lang='lat'><strong>4⁰</strong></span> 
     </span>
     <span class='ocr_line' id='line_1_4' title="bbox 270 524 2294 613; baseline 0 -20"><span class='ocrx_word' id='word_1_23' title='bbox 270 548 426 593; x_wconf 81' lang='lat' dir='ltr'><strong>vero</strong></span> <span class='ocrx_word' id='word_1_24' title='bbox 484 546 613 610; x_wconf 91' lang='lat' dir='ltr'><strong>quo</strong></span> <span class='ocrx_word' id='word_1_25' title='bbox 669 524 862 590; x_wconf 90' lang='lat' dir='ltr'><strong>modo</strong></span> <span class='ocrx_word' id='word_1_26' title='bbox 918 547 1040 612; x_wconf 83' lang='lat' dir='ltr'><strong>ego</strong></span> <span class='ocrx_word' id='word_1_27' title='bbox 1094 527 1278 591; x_wconf 86' lang='lat' dir='ltr'><strong>illam</strong></span> <span class='ocrx_word' id='word_1_28' title='bbox 1337 527 1580 609; x_wconf 85' lang='lat' dir='ltr'><strong>labem,</strong></span> <span class='ocrx_word' id='word_1_29' title='bbox 1642 527 2072 613; x_wconf 84' lang='lat' dir='ltr'><strong>ignominiam</strong></span> <span class='ocrx_word' id='word_1_30' title='bbox 2126 530 2294 594; x_wconf 89' lang='lat' dir='ltr'><strong>cala-</strong></span> 
     </span>
     <span class='ocr_line' id='line_1_5' title="bbox 273 613 2295 699; baseline 0 -19"><span class='ocrx_word' id='word_1_31' title='bbox 273 616 701 697; x_wconf 88' lang='lat' dir='ltr'><strong>mitatemque</strong></span> <span class='ocrx_word' id='word_1_32' title='bbox 745 613 952 680; x_wconf 89' lang='lat' dir='ltr'><strong>totius</strong></span> <span class='ocrx_word' id='word_1_33' title='bbox 998 614 1243 679; x_wconf 80' lang='lat' dir='ltr'>ordinis</span> <span class='ocrx_word' id='word_1_34' title='bbox 1290 636 1667 699; x_wconf 86' lang='lat' dir='ltr'><strong>conquerar,</strong></span> <span class='ocrx_word' id='word_1_35' title='bbox 1710 615 1835 680; x_wconf 86' lang='lat' dir='ltr'><strong>hoc</strong></span> <span class='ocrx_word' id='word_1_36' title='bbox 1874 616 2118 680; x_wconf 88' lang='lat' dir='ltr'><strong>factum</strong></span> <span class='ocrx_word' id='word_1_37' title='bbox 2156 637 2295 680; x_wconf 91' lang='lat' dir='ltr'><strong>esse</strong></span> 
     </span>
    </p>

    <p class='ocr_par' dir='ltr' id='par_1_3' title="bbox 215 701 2296 1049">
     <span class='ocr_line' id='line_1_6' title="bbox 215 701 2295 787; baseline -0 -18"><span class='ocrx_word' id='word_1_38' title='bbox 215 730 245 769; x_wconf 73' lang='lat' dir='ltr'><strong>s</strong></span> <span class='ocrx_word' id='word_1_39' title='bbox 270 704 345 767; x_wconf 88' lang='lat' dir='ltr'><strong>in</strong></span> <span class='ocrx_word' id='word_1_40' title='bbox 387 702 511 767; x_wconf 87' lang='lat' dir='ltr'><strong>hac</strong></span> <span class='ocrx_word' id='word_1_41' title='bbox 555 701 840 783; x_wconf 83' lang='lat' dir='ltr'><strong>civ‘itate,</strong></span> <span class='ocrx_word' id='word_1_42' title='bbox 884 723 1030 768; x_wconf 88' lang='lat' dir='ltr'><strong>cum</strong></span> <span class='ocrx_word' id='word_1_43' title='bbox 1077 702 1442 768; x_wconf 74' lang='lat' dir='ltr'><strong>senatorius</strong></span> <span class='ocrx_word' id='word_1_44' title='bbox 1489 702 1646 768; x_wconf 90' lang='lat' dir='ltr'><strong>ordo</strong></span> <span class='ocrx_word' id='word_1_45' title='bbox 1682 702 2016 787; x_wconf 90' lang='lat' dir='ltr'><strong>iudicaret,</strong></span> <span class='ocrx_word' id='word_1_46' title='bbox 2060 707 2135 768; x_wconf 85' lang='lat' dir='ltr'><strong>ut</strong></span> <span class='ocrx_word' id='word_1_47' title='bbox 2172 703 2295 768; x_wconf 88' lang='lat' dir='ltr'><strong>dis·</strong></span> 
     </span>
     <span class='ocr_line' id='line_1_7' title="bbox 278 789 2296 875; baseline 0 -20"><span class='ocrx_word' id='word_1_48' title='bbox 278 789 602 855; x_wconf 87' lang='lat' dir='ltr'><strong>coloribus</strong></span> <span class='ocrx_word' id='word_1_49' title='bbox 663 789 872 875; x_wconf 82' lang='lat' dir='ltr'><strong>signis</strong></span> <span class='ocrx_word' id='word_1_50' title='bbox 916 790 1276 855; x_wconf 86' lang='lat' dir='ltr'><strong>iuratorum</strong></span> <span class='ocrx_word' id='word_1_51' title='bbox 1323 790 1662 855; x_wconf 88' lang='lat' dir='ltr'><strong>hominum</strong></span> <span class='ocrx_word' id='word_1_52' title='bbox 1709 791 2068 856; x_wconf 85' lang='lat' dir='ltr'><strong>sententiae</strong></span> <span class='ocrx_word' id='word_1_53' title='bbox 2113 795 2296 856; x_wconf 90' lang='lat' dir='ltr'><strong>nota-</strong></span> 
     </span>
     <span class='ocr_line' id='line_1_8' title="bbox 275 876 2293 965; baseline 0.001 -23"><span class='ocrx_word' id='word_1_54' title='bbox 275 876 545 952; x_wconf 76' lang='lat' dir='ltr'><strong>rentur?</strong></span> <span class='ocrx_word' id='word_1_55' title='bbox 615 876 795 942; x_wconf 87' lang='lat' dir='ltr'><strong>Haec</strong></span> <span class='ocrx_word' id='word_1_56' title='bbox 831 877 1051 943; x_wconf 88' lang='lat' dir='ltr'><strong>omnia</strong></span> <span class='ocrx_word' id='word_1_57' title='bbox 1087 900 1191 943; x_wconf 90' lang='lat' dir='ltr'><strong>me</strong></span> <span class='ocrx_word' id='word_1_58' title='bbox 1230 877 1578 965; x_wconf 78' lang='lat' dir='ltr'><strong>diligenter</strong></span> <span class='ocrx_word' id='word_1_59' title='bbox 1616 893 1961 963; x_wconf 71' lang='lat' dir='ltr'><strong>severeque</strong></span> <span class='ocrx_word' id='word_1_60' title='bbox 1999 884 2293 945; x_wconf 85' lang='lat' dir='ltr'><strong>acturum</strong></span> 
     </span>
     <span class='ocr_line' id='line_1_9' title="bbox 274 965 793 1049; baseline -0.004 -19"><span class='ocrx_word' id='word_1_61' title='bbox 274 985 417 1031; x_wconf 87' lang='lat' dir='ltr'><strong>esse</strong></span> <span class='ocrx_word' id='word_1_62' title='bbox 462 965 793 1049; x_wconf 88' lang='lat' dir='ltr'><strong>polliceor.</strong></span> 
     </span>
    </p>

    <p class='ocr_par' dir='ltr' id='par_1_4' title="bbox 190 1051 2395 2014">
     <span class='ocr_line' id='line_1_10' title="bbox 404 1051 2395 1140; baseline -0.001 -23"><span class='ocrx_word' id='word_1_63' title='bbox 404 1053 546 1129; x_wconf 87' lang='lat' dir='ltr'><strong>Quo</strong></span> <span class='ocrx_word' id='word_1_64' title='bbox 601 1073 705 1117; x_wconf 93' lang='lat' dir='ltr'><strong>me</strong></span> <span class='ocrx_word' id='word_1_65' title='bbox 757 1051 1019 1117; x_wconf 88' lang='lat' dir='ltr'><strong>tandem</strong></span> <span class='ocrx_word' id='word_1_66' title='bbox 1075 1053 1293 1119; x_wconf 86' lang='lat' dir='ltr'><strong>animo</strong></span> <span class='ocrx_word' id='word_1_67' title='bbox 1346 1053 1488 1118; x_wconf 86' lang='lat' dir='ltr'><strong>fore</strong></span> <span class='ocrx_word' id='word_1_68' title='bbox 1542 1056 1816 1140; x_wconf 86' lang='lat' dir='ltr'><strong>putatis,</strong></span> <span class='ocrx_word' id='word_1_69' title='bbox 1882 1055 1940 1118; x_wconf 81' lang='lat' dir='ltr'><strong>si</strong></span> <span class='ocrx_word' id='word_1_70' title='bbox 2007 1055 2162 1138; x_wconf 88' lang='lat' dir='ltr'><strong>quid</strong></span> <span class='ocrx_word' id='word_1_71' title='bbox 2226 1055 2297 1120; x_wconf 88' lang='lat' dir='ltr'><strong>in</strong></span> <span class='ocrx_word' id='word_1_72' title='bbox 2320 1056 2395 1117; x_wconf 88' lang='grc'><strong>14</strong></span> 
     </span>
     <span class='ocr_line' id='line_1_11' title="bbox 190 1139 2294 1225; baseline -0.001 -16"><span class='ocrx_word' id='word_1_73' title='bbox 190 1169 247 1209; x_wconf 83' lang='grc' dir='ltr'><strong>ιο</strong></span> <span class='ocrx_word' id='word_1_74' title='bbox 272 1142 397 1207; x_wconf 88' lang='lat' dir='ltr'><strong>hoc</strong></span> <span class='ocrx_word' id='word_1_75' title='bbox 441 1141 586 1225; x_wconf 90' lang='lat' dir='ltr'><strong>ipso</strong></span> <span class='ocrx_word' id='word_1_76' title='bbox 631 1139 869 1205; x_wconf 90' lang='lat' dir='ltr'><strong>iudicio</strong></span> <span class='ocrx_word' id='word_1_77' title='bbox 915 1140 1296 1205; x_wconf 74' lang='lat' dir='ltr'><strong>intellexero</strong></span> <span class='ocrx_word' id='word_1_78' title='bbox 1344 1142 1544 1205; x_wconf 82' lang='lat' dir='ltr'><strong>simili</strong></span> <span class='ocrx_word' id='word_1_79' title='bbox 1589 1142 1810 1225; x_wconf 86' lang='lat' dir='ltr'><strong>aliqua</strong></span> <span class='ocrx_word' id='word_1_80' title='bbox 1853 1142 2106 1207; x_wconf 91' lang='lat' dir='ltr'><strong>ratione</strong></span> <span class='ocrx_word' id='word_1_81' title='bbox 2153 1164 2294 1207; x_wconf 90' lang='lat' dir='ltr'><strong>esse</strong></span> 
     </span>
     <span class='ocr_line' id='line_1_12' title="bbox 272 1228 2294 1313; baseline -0 -19"><span class='ocrx_word' id='word_1_82' title='bbox 272 1228 595 1294; x_wconf 80' lang='lat' dir='ltr'><strong>violatum</strong></span> <span class='ocrx_word' id='word_1_83' title='bbox 630 1232 826 1312; x_wconf 87' lang='lat' dir='ltr'><strong>atque</strong></span> <span class='ocrx_word' id='word_1_84' title='bbox 859 1228 1323 1293; x_wconf 75' lang='lat' dir='ltr'><strong>commissum?</strong></span> <span class='ocrx_word' id='word_1_85' title='bbox 1360 1251 1506 1294; x_wconf 90' lang='lat' dir='ltr'><strong>cum</strong></span> <span class='ocrx_word' id='word_1_86' title='bbox 1534 1230 1800 1313; x_wconf 87' lang='lat' dir='ltr'><strong>planum</strong></span> <span class='ocrx_word' id='word_1_87' title='bbox 1827 1228 2040 1293; x_wconf 86' lang='lat' dir='ltr'><strong>facere</strong></span> <span class='ocrx_word' id='word_1_88' title='bbox 2068 1229 2294 1294; x_wconf 89' lang='lat' dir='ltr'><strong>multis</strong></span> 
     </span>
     <span class='ocr_line' id='line_1_13' title="bbox 275 1313 2297 1401; baseline 0 -21"><span class='ocrx_word' id='word_1_89' title='bbox 275 1314 556 1380; x_wconf 83' lang='lat' dir='ltr'><strong>testibus</strong></span> <span class='ocrx_word' id='word_1_90' title='bbox 602 1316 850 1401; x_wconf 88' lang='lat' dir='ltr'><strong>possim</strong></span> <span class='ocrx_word' id='word_1_91' title='bbox 898 1313 966 1380; x_wconf 83' lang='lat' dir='ltr'><strong>O.</strong></span> <span class='ocrx_word' id='word_1_92' title='bbox 1011 1314 1285 1380; x_wconf 86' lang='lat' dir='ltr'><strong>Verrem</strong></span> <span class='ocrx_word' id='word_1_93' title='bbox 1330 1316 1401 1381; x_wconf 92' lang='lat' dir='ltr'><strong>in</strong></span> <span class='ocrx_word' id='word_1_94' title='bbox 1445 1313 1668 1380; x_wconf 84' lang='lat' dir='ltr'><strong>Sicilia</strong></span> <span class='ocrx_word' id='word_1_95' title='bbox 1712 1316 1937 1381; x_wconf 87' lang='lat' dir='ltr'><strong>multis</strong></span> <span class='ocrx_word' id='word_1_96' title='bbox 1985 1316 2297 1382; x_wconf 88' lang='lat' dir='ltr'><strong>audienti-</strong></span> 
     </span>
     <span class='ocr_line' id='line_1_14' title="bbox 275 1403 2294 1489; baseline 0.001 -22"><span class='ocrx_word' id='word_1_97' title='bbox 275 1404 399 1468; x_wconf 89' lang='lat' dir='ltr'><strong>bus</strong></span> <span class='ocrx_word' id='word_1_98' title='bbox 436 1424 627 1489; x_wconf 82' lang='lat' dir='ltr'><strong>saepe</strong></span> <span class='ocrx_word' id='word_1_99' title='bbox 665 1403 921 1487; x_wconf 81' lang='lat' dir='ltr'><strong>dixisse,</strong></span> <span class='ocrx_word' id='word_1_100' title='bbox 967 1424 1036 1467; x_wconf 89' lang='lat' dir='ltr'><strong>se</strong></span> <span class='ocrx_word' id='word_1_101' title='bbox 1069 1403 1312 1468; x_wconf 88' lang='lat' dir='ltr'><strong>habere</strong></span> <span class='ocrx_word' id='word_1_102' title='bbox 1347 1403 1678 1469; x_wconf 87' lang='lat' dir='ltr'><strong>hominem</strong></span> <span class='ocrx_word' id='word_1_103' title='bbox 1716 1408 2067 1488; x_wconf 88' lang='lat' dir='ltr'><strong>potentem,</strong></span> <span class='ocrx_word' id='word_1_104' title='bbox 2115 1404 2294 1470; x_wconf 88' lang='lat' dir='ltr'><strong>cuius</strong></span> 
     </span>
     <span class='ocr_line' id='line_1_15' title="bbox 273 1491 2294 1577; baseline 0.001 -22"><span class='ocrx_word' id='word_1_105' title='bbox 273 1491 507 1558; x_wconf 87' lang='lat' dir='ltr'><strong>fiducia</strong></span> <span class='ocrx_word' id='word_1_106' title='bbox 549 1491 953 1577; x_wconf 79' lang='lat' dir='ltr'><strong>provinciam</strong></span> <span class='ocrx_word' id='word_1_107' title='bbox 999 1491 1342 1576; x_wconf 82' lang='lat' dir='ltr'><strong>spoliaret·</strong></span> <span class='ocrx_word' id='word_1_108' title='bbox 1386 1513 1594 1576; x_wconf 91' lang='lat' dir='ltr'><strong>neque</strong></span> <span class='ocrx_word' id='word_1_109' title='bbox 1633 1492 1758 1556; x_wconf 87' lang='lat' dir='ltr'><strong>sibi</strong></span> <span class='ocrx_word' id='word_1_110' title='bbox 1796 1492 1921 1557; x_wconf 90' lang='lat' dir='ltr'><strong>soli</strong></span> <span class='ocrx_word' id='word_1_111' title='bbox 2003 1493 2294 1559; x_wconf 91' lang='lat' dir='ltr'><strong>ecuniam</strong></span> 
     </span>
     <span class='ocr_line' id='line_1_16' title="bbox 192 1579 2293 1665; baseline -0.001 -18"><span class='ocrx_word' id='word_1_112' title='bbox 192 1605 246 1647; x_wconf 65' lang='grc' dir='ltr'><strong>ιε</strong></span> <span class='ocrx_word' id='word_1_113' title='bbox 275 1600 598 1664; x_wconf 81' lang='lat' dir='ltr'><strong>quaerere,</strong></span> <span class='ocrx_word' id='word_1_114' title='bbox 645 1579 758 1644; x_wconf 89' lang='lat' dir='ltr'><strong>sed</strong></span> <span class='ocrx_word' id='word_1_115' title='bbox 803 1579 898 1643; x_wconf 91' lang='lat' dir='ltr'><strong>ita</strong></span> <span class='ocrx_word' id='word_1_116' title='bbox 942 1579 1296 1644; x_wconf 86' lang='lat' dir='ltr'><strong>triennium</strong></span> <span class='ocrx_word' id='word_1_117' title='bbox 1340 1579 1506 1645; x_wconf 90' lang='lat' dir='ltr'><strong>illud</strong></span> <span class='ocrx_word' id='word_1_118' title='bbox 1549 1585 1891 1665; x_wconf 88' lang='lat' dir='ltr'><strong>praeturae</strong></span> <span class='ocrx_word' id='word_1_119' title='bbox 1985 1582 2293 1647; x_wconf 90' lang='lat' dir='ltr'><strong>iciliensis</strong></span> 
     </span>
     <span class='ocr_line' id='line_1_17' title="bbox 273 1666 2294 1754; baseline 0.001 -22"><span class='ocrx_word' id='word_1_120' title='bbox 273 1667 696 1733; x_wconf 87' lang='lat' dir='ltr'><strong>distributum</strong></span> <span class='ocrx_word' id='word_1_121' title='bbox 750 1666 1018 1750; x_wconf 91' lang='lat' dir='ltr'><strong>habere,</strong></span> <span class='ocrx_word' id='word_1_122' title='bbox 1080 1671 1155 1731; x_wconf 86' lang='lat' dir='ltr'><strong>ut</strong></span> <span class='ocrx_word' id='word_1_123' title='bbox 1210 1688 1428 1733; x_wconf 88' lang='lat' dir='ltr'><strong>secum</strong></span> <span class='ocrx_word' id='word_1_124' title='bbox 1482 1668 1814 1753; x_wconf 89' lang='lat' dir='ltr'><strong>praeclare</strong></span> <span class='ocrx_word' id='word_1_125' title='bbox 1871 1670 1982 1754; x_wconf 85' lang='lat' dir='ltr'><strong>agi</strong></span> <span class='ocrx_word' id='word_1_126' title='bbox 2038 1670 2294 1753; x_wconf 85' lang='lat' dir='ltr'><strong>diceret,</strong></span> 
     </span>
     <span class='ocr_line' id='line_1_18' title="bbox 273 1754 2295 1840; baseline 0 -20"><span class='ocrx_word' id='word_1_127' title='bbox 273 1756 332 1820; x_wconf 84' lang='lat' dir='ltr'><strong>si</strong></span> <span class='ocrx_word' id='word_1_128' title='bbox 401 1755 593 1819; x_wconf 90' lang='lat' dir='ltr'><strong>unius</strong></span> <span class='ocrx_word' id='word_1_129' title='bbox 664 1754 819 1819; x_wconf 82' lang='lat' dir='ltr'><strong>anni</strong></span> <span class='ocrx_word' id='word_1_130' title='bbox 882 1760 1223 1839; x_wconf 88' lang='lat' dir='ltr'><strong>quaestum</strong></span> <span class='ocrx_word' id='word_1_131' title='bbox 1286 1756 1357 1820; x_wconf 89' lang='lat' dir='ltr'><strong>in</strong></span> <span class='ocrx_word' id='word_1_132' title='bbox 1420 1775 1557 1821; x_wconf 88' lang='lat' dir='ltr'><strong>rem</strong></span> <span class='ocrx_word' id='word_1_133' title='bbox 1622 1778 1807 1821; x_wconf 90' lang='lat' dir='ltr'><strong>suam</strong></span> <span class='ocrx_word' id='word_1_134' title='bbox 1872 1761 2295 1840; x_wconf 84' lang='lat' dir='ltr'><strong>converteret,</strong></span> 
     </span>
     <span class='ocr_line' id='line_1_19' title="bbox 274 1841 2295 1926; baseline 0.001 -20"><span class='ocrx_word' id='word_1_135' title='bbox 274 1843 557 1906; x_wconf 86' lang='lat' dir='ltr'><strong>alterum</strong></span> <span class='ocrx_word' id='word_1_136' title='bbox 582 1843 874 1925; x_wconf 85' lang='lat' dir='ltr'><strong>patronis</strong></span> <span class='ocrx_word' id='word_1_137' title='bbox 903 1846 971 1907; x_wconf 85' lang='lat' dir='ltr'><strong>et</strong></span> <span class='ocrx_word' id='word_1_138' title='bbox 997 1841 1443 1907; x_wconf 84' lang='lat' dir='ltr'><strong>defensoribus</strong></span> <span class='ocrx_word' id='word_1_139' title='bbox 1471 1844 1776 1926; x_wconf 87' lang='lat' dir='ltr'><strong>traderet,</strong></span> <span class='ocrx_word' id='word_1_140' title='bbox 1812 1844 2079 1908; x_wconf 87' lang='lat' dir='ltr'><strong>tertium</strong></span> <span class='ocrx_word' id='word_1_141' title='bbox 2105 1843 2295 1908; x_wconf 90' lang='lat' dir='ltr'><strong>illum</strong></span> 
     </span>
     <span class='ocr_line' id='line_1_20' title="bbox 275 1928 2292 2014; baseline 0 -20"><span class='ocrx_word' id='word_1_142' title='bbox 275 1928 676 1994; x_wconf 87' lang='lat' dir='ltr'><strong>uberrimum</strong></span> <span class='ocrx_word' id='word_1_143' title='bbox 695 1930 1463 2014; x_wconf 73' lang='lat' dir='ltr'><strong>quaestuosissimumque</strong></span> <span class='ocrx_word' id='word_1_144' title='bbox 1483 1945 1724 1995; x_wconf 85' lang='lat' dir='ltr'><strong>annum</strong></span> <span class='ocrx_word' id='word_1_145' title='bbox 1742 1934 1958 1994; x_wconf 91' lang='lat' dir='ltr'><strong>totum</strong></span> <span class='ocrx_word' id='word_1_146' title='bbox 1974 1930 2292 1995; x_wconf 89' lang='lat' dir='ltr'><strong>iudicibus</strong></span> 
     </span>
    </p>

    <p class='ocr_par' dir='ltr' id='par_1_5' title="bbox 192 2017 2391 2456">
     <span class='ocr_line' id='line_1_21' title="bbox 192 2017 2391 2103; baseline -0.001 -18"><span class='ocrx_word' id='word_1_147' title='bbox 192 2044 251 2085; x_wconf 71' lang='lat' dir='ltr'><strong>so</strong></span> <span class='ocrx_word' id='word_1_148' title='bbox 278 2022 655 2082; x_wconf 84' lang='lat' dir='ltr'><strong>reservaret.</strong></span> <span class='ocrx_word' id='word_1_149' title='bbox 724 2017 824 2084; x_wconf 87' lang='lat' dir='ltr'><strong>Ex</strong></span> <span class='ocrx_word' id='word_1_150' title='bbox 860 2039 987 2103; x_wconf 92' lang='lat' dir='ltr'><strong>quo</strong></span> <span class='ocrx_word' id='word_1_151' title='bbox 1026 2018 1188 2083; x_wconf 82' lang='lat' dir='ltr'><strong>mihi</strong></span> <span class='ocrx_word' id='word_1_152' title='bbox 1223 2018 1404 2083; x_wconf 83' lang='lat' dir='ltr'><strong>venit</strong></span> <span class='ocrx_word' id='word_1_153' title='bbox 1439 2017 1510 2083; x_wconf 91' lang='lat' dir='ltr'><strong>in</strong></span> <span class='ocrx_word' id='word_1_154' title='bbox 1543 2021 1827 2082; x_wconf 85' lang='lat' dir='ltr'><strong>mentem</strong></span> <span class='ocrx_word' id='word_1_155' title='bbox 1862 2017 2029 2082; x_wconf 91' lang='lat' dir='ltr'><strong>illud</strong></span> <span class='ocrx_word' id='word_1_156' title='bbox 2066 2018 2293 2103; x_wconf 84' lang='lat' dir='ltr'><strong>dicere,</strong></span> <span class='ocrx_word' id='word_1_157' title='bbox 2328 2033 2391 2083; x_wconf 81' lang='lat'><strong>41</strong></span> 
     </span>
     <span class='ocr_line' id='line_1_22' title="bbox 276 2104 2294 2191; baseline -0 -19"><span class='ocrx_word' id='word_1_158' title='bbox 276 2105 448 2190; x_wconf 90' lang='lat' dir='ltr'><strong>quod</strong></span> <span class='ocrx_word' id='word_1_159' title='bbox 502 2106 673 2191; x_wconf 89' lang='lat' dir='ltr'><strong>apud</strong></span> <span class='ocrx_word' id='word_1_160' title='bbox 726 2104 830 2171; x_wconf 85' lang='grc' dir='ltr'><strong>Μ’.</strong></span> <span class='ocrx_word' id='word_1_161' title='bbox 887 2106 1306 2172; x_wconf 83' lang='lat' dir='ltr'><strong>Glabrionem</strong></span> <span class='ocrx_word' id='word_1_162' title='bbox 1357 2120 1563 2190; x_wconf 80' lang='lat' dir='ltr'><strong>nuper</strong></span> <span class='ocrx_word' id='word_1_163' title='bbox 1617 2127 1763 2171; x_wconf 89' lang='lat' dir='ltr'><strong>cum</strong></span> <span class='ocrx_word' id='word_1_164' title='bbox 1817 2106 1888 2169; x_wconf 89' lang='lat' dir='ltr'><strong>in</strong></span> <span class='ocrx_word' id='word_1_165' title='bbox 1951 2105 2294 2171; x_wconf 80' lang='lat' dir='ltr'><strong>reiciundis</strong></span> 
     </span>
     <span class='ocr_line' id='line_1_23' title="bbox 272 2193 2295 2279; baseline 0 -21"><span class='ocrx_word' id='word_1_166' title='bbox 272 2193 591 2259; x_wconf 88' lang='lat' dir='ltr'><strong>iudicibus</strong></span> <span class='ocrx_word' id='word_1_167' title='bbox 650 2212 1287 2277; x_wconf 84' lang='lat' dir='ltr'><strong>commemorassem,</strong></span> <span class='ocrx_word' id='word_1_168' title='bbox 1350 2193 1644 2259; x_wconf 83' lang='lat' dir='ltr'><strong>intellexi</strong></span> <span class='ocrx_word' id='word_1_169' title='bbox 1705 2193 2119 2259; x_wconf 83' lang='lat' dir='ltr'><strong>vehementer</strong></span> <span class='ocrx_word' id='word_1_170' title='bbox 2184 2216 2295 2279; x_wconf 88' lang='lat' dir='ltr'><strong>po-</strong></span> 
     </span>
     <span class='ocr_line' id='line_1_24' title="bbox 271 2280 2297 2368; baseline -0 -21"><span class='ocrx_word' id='word_1_171' title='bbox 271 2283 500 2368; x_wconf 90' lang='lat' dir='ltr'><strong>pulum</strong></span> <span class='ocrx_word' id='word_1_172' title='bbox 554 2280 922 2348; x_wconf 86' lang='lat' dir='ltr'><strong>Romanum</strong></span> <span class='ocrx_word' id='word_1_173' title='bbox 975 2282 1394 2365; x_wconf 79' lang='lat' dir='ltr'><strong>commoveri,</strong></span> <span class='ocrx_word' id='word_1_174' title='bbox 1457 2302 1560 2346; x_wconf 91' lang='lat' dir='ltr'><strong>me</strong></span> <span class='ocrx_word' id='word_1_175' title='bbox 1624 2282 1932 2347; x_wconf 84' lang='lat' dir='ltr'><strong>arbitrari</strong></span> <span class='ocrx_word' id='word_1_176' title='bbox 1994 2281 2134 2347; x_wconf 83' lang='lat' dir='ltr'><strong>fore</strong></span> <span class='ocrx_word' id='word_1_177' title='bbox 2196 2282 2297 2347; x_wconf 92' lang='lat' dir='ltr'><strong>uti</strong></span> 
     </span>
     <span class='ocr_line' id='line_1_25' title="bbox 271 2369 2296 2456; baseline 0.001 -22"><span class='ocrx_word' id='word_1_178' title='bbox 271 2371 572 2435; x_wconf 87' lang='lat' dir='ltr'><strong>nationes</strong></span> <span class='ocrx_word' id='word_1_179' title='bbox 610 2374 867 2435; x_wconf 83' lang='lat' dir='ltr'><strong>exterae</strong></span> <span class='ocrx_word' id='word_1_180' title='bbox 903 2370 1157 2456; x_wconf 73' lang='lat' dir='ltr'><strong>legatos</strong></span> <span class='ocrx_word' id='word_1_181' title='bbox 1198 2370 1281 2434; x_wconf 90' lang='lat' dir='ltr'><strong>ad</strong></span> <span class='ocrx_word' id='word_1_182' title='bbox 1316 2371 1630 2455; x_wconf 89' lang='lat' dir='ltr'><strong>populum</strong></span> <span class='ocrx_word' id='word_1_183' title='bbox 1666 2369 2034 2437; x_wconf 86' lang='lat' dir='ltr'><strong>Romanum</strong></span> <span class='ocrx_word' id='word_1_184' title='bbox 2078 2370 2296 2436; x_wconf 87' lang='lat' dir='ltr'><strong>mitte·</strong></span> 
     </span>
    </p>

    <p class='ocr_par' dir='ltr' id='par_1_6' title="bbox 189 2457 2297 2893">
     <span class='ocr_line' id='line_1_26' title="bbox 189 2457 2295 2543; baseline 0 -18"><span class='ocrx_word' id='word_1_185' title='bbox 189 2483 245 2525; x_wconf 76' lang='lat'><strong>85</strong></span> <span class='ocrx_word' id='word_1_186' title='bbox 274 2462 437 2542; x_wconf 92' lang='lat' dir='ltr'><strong>rent,</strong></span> <span class='ocrx_word' id='word_1_187' title='bbox 470 2463 548 2524; x_wconf 91' lang='lat' dir='ltr'><strong>ut</strong></span> <span class='ocrx_word' id='word_1_188' title='bbox 585 2458 690 2522; x_wconf 77' lang='lat' dir='ltr'><strong>lex</strong></span> <span class='ocrx_word' id='word_1_189' title='bbox 725 2457 804 2523; x_wconf 87' lang='lat' dir='ltr'><strong>de</strong></span> <span class='ocrx_word' id='word_1_190' title='bbox 841 2459 1126 2543; x_wconf 82' lang='lat' dir='ltr'><strong>pecuniis</strong></span> <span class='ocrx_word' id='word_1_191' title='bbox 1162 2458 1533 2541; x_wconf 82' lang='lat' dir='ltr'><strong>repetundis</strong></span> <span class='ocrx_word' id='word_1_192' title='bbox 1570 2458 2002 2542; x_wconf 78' lang='lat' dir='ltr'><strong>iudiciumque</strong></span> <span class='ocrx_word' id='word_1_193' title='bbox 2037 2461 2295 2525; x_wconf 87' lang='lat' dir='ltr'><strong>tollere-</strong></span> 
     </span>
     <span class='ocr_line' id='line_1_27' title="bbox 273 2545 2295 2631; baseline 0 -20"><span class='ocrx_word' id='word_1_194' title='bbox 273 2551 409 2630; x_wconf 80' lang='lat' dir='ltr'><strong>tur3</strong></span> <span class='ocrx_word' id='word_1_195' title='bbox 467 2546 525 2611; x_wconf 87' lang='lat' dir='ltr'><strong>si</strong></span> <span class='ocrx_word' id='word_1_196' title='bbox 578 2545 751 2610; x_wconf 88' lang='lat' dir='ltr'><strong>enim</strong></span> <span class='ocrx_word' id='word_1_197' title='bbox 805 2545 1042 2611; x_wconf 84' lang='lat' dir='ltr'><strong>iudicia</strong></span> <span class='ocrx_word' id='word_1_198' title='bbox 1082 2545 1268 2611; x_wconf 90' lang='lat' dir='ltr'><strong>nulla</strong></span> <span class='ocrx_word' id='word_1_199' title='bbox 1314 2546 1473 2629; x_wconf 89' lang='lat' dir='ltr'><strong>sint,</strong></span> <span class='ocrx_word' id='word_1_200' title='bbox 1528 2549 1786 2613; x_wconf 88' lang='lat' dir='ltr'><strong>tantum</strong></span> <span class='ocrx_word' id='word_1_201' title='bbox 1830 2562 2031 2613; x_wconf 85' lang='lat' dir='ltr'><strong>unum</strong></span> <span class='ocrx_word' id='word_1_202' title='bbox 2077 2569 2295 2631; x_wconf 90' lang='lat' dir='ltr'><strong>quem-</strong></span> 
     </span>
     <span class='ocr_line' id='line_1_28' title="bbox 275 2633 2294 2718; baseline -0 -20"><span class='ocrx_word' id='word_1_203' title='bbox 275 2655 400 2717; x_wconf 89' lang='lat' dir='ltr'><strong>que</strong></span> <span class='ocrx_word' id='word_1_204' title='bbox 454 2633 827 2698; x_wconf 78' lang='lat' dir='ltr'><strong>ablaturum</strong></span> <span class='ocrx_word' id='word_1_205' title='bbox 879 2637 1140 2718; x_wconf 74' lang='lat' dir='ltr'><strong>putant,</strong></span> <span class='ocrx_word' id='word_1_206' title='bbox 1196 2637 1512 2716; x_wconf 81' lang='lat' dir='ltr'><strong>quantum</strong></span> <span class='ocrx_word' id='word_1_207' title='bbox 1568 2633 1695 2699; x_wconf 91' lang='lat' dir='ltr'><strong>sibi</strong></span> <span class='ocrx_word' id='word_1_208' title='bbox 1750 2655 1824 2699; x_wconf 89' lang='lat' dir='ltr'><strong>ac</strong></span> <span class='ocrx_word' id='word_1_209' title='bbox 1878 2634 2102 2699; x_wconf 90' lang='lat' dir='ltr'><strong>liberis</strong></span> <span class='ocrx_word' id='word_1_210' title='bbox 2160 2634 2294 2698; x_wconf 90' lang='lat' dir='ltr'><strong>suis</strong></span> 
     </span>
     <span class='ocr_line' id='line_1_29' title="bbox 277 2720 2297 2805; baseline 0 -21"><span class='ocrx_word' id='word_1_211' title='bbox 277 2720 440 2784; x_wconf 83' lang='lat' dir='ltr'><strong>satis</strong></span> <span class='ocrx_word' id='word_1_212' title='bbox 495 2741 635 2784; x_wconf 87' lang='lat' dir='ltr'><strong>esse</strong></span> <span class='ocrx_word' id='word_1_213' title='bbox 690 2721 1071 2803; x_wconf 80' lang='lat' dir='ltr'><strong>arbitretur3</strong></span> <span class='ocrx_word' id='word_1_214' title='bbox 1134 2742 1331 2805; x_wconf 91' lang='lat' dir='ltr'><strong>nunc,</strong></span> <span class='ocrx_word' id='word_1_215' title='bbox 1397 2720 1570 2803; x_wconf 91' lang='lat' dir='ltr'><strong>quod</strong></span> <span class='ocrx_word' id='word_1_216' title='bbox 1622 2721 1758 2786; x_wconf 89' lang='lat' dir='ltr'><strong>eius</strong></span> <span class='ocrx_word' id='word_1_217' title='bbox 1823 2721 2000 2786; x_wconf 87' lang='lat' dir='ltr'><strong>modi</strong></span> <span class='ocrx_word' id='word_1_218' title='bbox 2060 2720 2297 2786; x_wconf 89' lang='lat' dir='ltr'><strong>iudicia</strong></span> 
     </span>
     <span class='ocr_line' id='line_1_30' title="bbox 277 2806 2296 2893; baseline 0 -22"><span class='ocrx_word' id='word_1_219' title='bbox 277 2806 437 2890; x_wconf 87' lang='lat' dir='ltr'><strong>sint,</strong></span> <span class='ocrx_word' id='word_1_220' title='bbox 500 2810 755 2874; x_wconf 82' lang='lat' dir='ltr'><strong>tantum</strong></span> <span class='ocrx_word' id='word_1_221' title='bbox 811 2830 1010 2873; x_wconf 91' lang='lat' dir='ltr'><strong>unum</strong></span> <span class='ocrx_word' id='word_1_222' title='bbox 1065 2829 1393 2893; x_wconf 84' lang='lat' dir='ltr'><strong>quemque</strong></span> <span class='ocrx_word' id='word_1_223' title='bbox 1437 2808 1718 2892; x_wconf 87' lang='lat' dir='ltr'><strong>auferre,</strong></span> <span class='ocrx_word' id='word_1_224' title='bbox 1780 2813 2096 2892; x_wconf 88' lang='lat' dir='ltr'><strong>quantum</strong></span> <span class='ocrx_word' id='word_1_225' title='bbox 2150 2808 2296 2891; x_wconf 86' lang='lat' dir='ltr'><strong>sibi,</strong></span> 
     </span>
    </p>

    <p class='ocr_par' dir='ltr' id='par_1_7' title="bbox 191 2894 2398 3331">
     <span class='ocr_line' id='line_1_31' title="bbox 191 2894 2297 2981; baseline -0.002 -18"><span class='ocrx_word' id='word_1_226' title='bbox 191 2921 249 2963; x_wconf 72' lang='lat' dir='ltr'><strong>so</strong></span> <span class='ocrx_word' id='word_1_227' title='bbox 273 2894 598 2981; x_wconf 83' lang='lat' dir='ltr'><strong>patronis,</strong></span> <span class='ocrx_word' id='word_1_228' title='bbox 657 2896 1018 2980; x_wconf 77' lang='lat' dir='ltr'><strong>advocatis,</strong></span> <span class='ocrx_word' id='word_1_229' title='bbox 1069 2896 1383 2980; x_wconf 82' lang='lat' dir='ltr'><strong>praetori,</strong></span> <span class='ocrx_word' id='word_1_230' title='bbox 1434 2895 1750 2961; x_wconf 77' lang='lat' dir='ltr'><strong>iudicibus</strong></span> <span class='ocrx_word' id='word_1_231' title='bbox 1797 2896 1959 2960; x_wconf 90' lang='lat' dir='ltr'><strong>satis</strong></span> <span class='ocrx_word' id='word_1_232' title='bbox 2005 2895 2297 2960; x_wconf 87' lang='lat' dir='ltr'><strong>futurum</strong></span> 
     </span>
     <span class='ocr_line' id='line_1_32' title="bbox 276 2981 2294 3069; baseline -0.001 -21"><span class='ocrx_word' id='word_1_233' title='bbox 276 2984 390 3067; x_wconf 80' lang='lat' dir='ltr'><strong>sit3</strong></span> <span class='ocrx_word' id='word_1_234' title='bbox 436 2982 561 3048; x_wconf 88' lang='lat' dir='ltr'><strong>hoc</strong></span> <span class='ocrx_word' id='word_1_235' title='bbox 597 2983 890 3069; x_wconf 85' lang='lat' dir='ltr'><strong>profecto</strong></span> <span class='ocrx_word' id='word_1_236' title='bbox 925 2984 1252 3049; x_wconf 75' lang='lat' dir='ltr'><strong>infinitum</strong></span> <span class='ocrx_word' id='word_1_237' title='bbox 1295 3004 1464 3067; x_wconf 85' lang='lat' dir='ltr'><strong>esse;</strong></span> <span class='ocrx_word' id='word_1_238' title='bbox 1502 3002 1571 3047; x_wconf 89' lang='lat' dir='ltr'><strong>se</strong></span> <span class='ocrx_word' id='word_1_239' title='bbox 1608 2983 1977 3048; x_wconf 80' lang='lat' dir='ltr'><strong>avarissimi</strong></span> <span class='ocrx_word' id='word_1_240' title='bbox 2011 2981 2294 3047; x_wconf 84' lang='lat' dir='ltr'><strong>hominis</strong></span> 
     </span>
     <span class='ocr_line' id='line_1_33' title="bbox 274 3069 2297 3156; baseline -0 -21"><span class='ocrx_word' id='word_1_241' title='bbox 274 3071 617 3156; x_wconf 81' lang='lat' dir='ltr'><strong>cupiditati</strong></span> <span class='ocrx_word' id='word_1_242' title='bbox 644 3072 805 3137; x_wconf 81' lang='lat' dir='ltr'><strong>satis</strong></span> <span class='ocrx_word' id='word_1_243' title='bbox 842 3069 1056 3138; x_wconf 85' lang='lat' dir='ltr'><strong>facere</strong></span> <span class='ocrx_word' id='word_1_244' title='bbox 1092 3093 1303 3156; x_wconf 88' lang='lat' dir='ltr'><strong>posse,</strong></span> <span class='ocrx_word' id='word_1_245' title='bbox 1339 3070 1782 3137; x_wconf 88' lang='lat' dir='ltr'><strong>nocentissimi</strong></span> <span class='ocrx_word' id='word_1_246' title='bbox 1819 3070 2129 3135; x_wconf 86' lang='lat' dir='ltr'><strong>victoriae</strong></span> <span class='ocrx_word' id='word_1_247' title='bbox 2165 3091 2297 3134; x_wconf 93' lang='lat' dir='ltr'><strong>non</strong></span> 
     </span>
     <span class='ocr_line' id='line_1_34' title="bbox 271 3157 2398 3244; baseline -0.001 -21"><span class='ocrx_word' id='word_1_248' title='bbox 271 3179 483 3243; x_wconf 59' lang='lat' dir='ltr'><strong>possea</strong></span> <span class='ocrx_word' id='word_1_249' title='bbox 545 3157 601 3223; x_wconf 88' lang='grc' dir='ltr'>Ο</span> <span class='ocrx_word' id='word_1_250' title='bbox 639 3159 1204 3225; x_wconf 84' lang='lat' dir='ltr'><strong>commemoranda</strong></span> <span class='ocrx_word' id='word_1_251' title='bbox 1239 3159 1477 3225; x_wconf 90' lang='lat' dir='ltr'><strong>iudicia</strong></span> <span class='ocrx_word' id='word_1_252' title='bbox 1512 3158 2043 3244; x_wconf 80' lang='lat' dir='ltr'><strong>praeclaramque</strong></span> <span class='ocrx_word' id='word_1_253' title='bbox 2078 3157 2298 3222; x_wconf 84' lang='lat' dir='ltr'><strong>existi·</strong></span> <span class='ocrx_word' id='word_1_254' title='bbox 2332 3161 2398 3209; x_wconf 77' lang='lat'><strong>42</strong></span> 
     </span>
     <span class='ocr_line' id='line_1_35' title="bbox 272 3245 2300 3331; baseline -0 -20"><span class='ocrx_word' id='word_1_255' title='bbox 272 3247 629 3311; x_wconf 84' lang='lat' dir='ltr'><strong>mationem</strong></span> <span class='ocrx_word' id='word_1_256' title='bbox 690 3247 904 3312; x_wconf 89' lang='lat' dir='ltr'><strong>nostri</strong></span> <span class='ocrx_word' id='word_1_257' title='bbox 967 3247 1237 3329; x_wconf 84' lang='lat' dir='ltr'><strong>ordinis,</strong></span> <span class='ocrx_word' id='word_1_258' title='bbox 1301 3268 1449 3312; x_wconf 87' lang='lat' dir='ltr'><strong>cum</strong></span> <span class='ocrx_word' id='word_1_259' title='bbox 1514 3246 1673 3313; x_wconf 84' lang='lat' dir='ltr'><strong>socii</strong></span> <span class='ocrx_word' id='word_1_260' title='bbox 1734 3245 1962 3331; x_wconf 87' lang='lat' dir='ltr'><strong>populi</strong></span> <span class='ocrx_word' id='word_1_261' title='bbox 2016 3245 2300 3310; x_wconf 87' lang='lat' dir='ltr'><strong>Romani</strong></span> 
     </span>
    </p>

    <p class='ocr_par' dir='ltr' id='par_1_8' title="bbox 189 3332 2301 3597">
     <span class='ocr_line' id='line_1_36' title="bbox 189 3332 2299 3420; baseline 0 -21"><span class='ocrx_word' id='word_1_262' title='bbox 189 3357 244 3399; x_wconf 72' lang='lat' dir='ltr'><strong>ss</strong></span> <span class='ocrx_word' id='word_1_263' title='bbox 269 3332 508 3400; x_wconf 82' lang='lat' dir='ltr'><strong>iudicia</strong></span> <span class='ocrx_word' id='word_1_264' title='bbox 572 3333 653 3398; x_wconf 89' lang='lat' dir='ltr'><strong>de</strong></span> <span class='ocrx_word' id='word_1_265' title='bbox 710 3335 1000 3419; x_wconf 86' lang='lat' dir='ltr'><strong>pecuniis</strong></span> <span class='ocrx_word' id='word_1_266' title='bbox 1063 3334 1436 3420; x_wconf 71' lang='lat' dir='ltr'><strong>repetundis</strong></span> <span class='ocrx_word' id='word_1_267' title='bbox 1502 3332 1645 3398; x_wconf 85' lang='lat' dir='ltr'><strong>fieri</strong></span> <span class='ocrx_word' id='word_1_268' title='bbox 1706 3333 1965 3418; x_wconf 87' lang='lat' dir='ltr'><strong>nolunt,</strong></span> <span class='ocrx_word' id='word_1_269' title='bbox 2029 3354 2195 3419; x_wconf 87' lang='lat' dir='ltr'><strong>quae</strong></span> <span class='ocrx_word' id='word_1_270' title='bbox 2258 3356 2299 3400; x_wconf 86' lang='lat' dir='ltr'><strong>a</strong></span> 
     </span>
     <span class='ocr_line' id='line_1_37' title="bbox 269 3422 2299 3506; baseline -0 -20"><span class='ocrx_word' id='word_1_271' title='bbox 269 3422 629 3487; x_wconf 85' lang='lat' dir='ltr'><strong>maioribus</strong></span> <span class='ocrx_word' id='word_1_272' title='bbox 693 3422 940 3487; x_wconf 85' lang='lat' dir='ltr'><strong>nostris</strong></span> <span class='ocrx_word' id='word_1_273' title='bbox 1004 3422 1327 3489; x_wconf 85' lang='lat' dir='ltr'><strong>sociorum</strong></span> <span class='ocrx_word' id='word_1_274' title='bbox 1400 3442 1598 3487; x_wconf 88' lang='lat' dir='ltr'><strong>causa</strong></span> <span class='ocrx_word' id='word_1_275' title='bbox 1668 3423 2048 3506; x_wconf 84' lang='lat' dir='ltr'><strong>comparata</strong></span> <span class='ocrx_word' id='word_1_276' title='bbox 2119 3423 2299 3489; x_wconf 78' lang='lat' dir='ltr'><strong>sunt!</strong></span> 
     </span>
     <span class='ocr_line' id='line_1_38' title="bbox 273 3508 2301 3597; baseline 0.002 -26"><span class='ocrx_word' id='word_1_277' title='bbox 273 3508 378 3573; x_wconf 83' lang='lat' dir='ltr'><strong>An</strong></span> <span class='ocrx_word' id='word_1_278' title='bbox 430 3510 557 3575; x_wconf 89' lang='lat' dir='ltr'><strong>iste</strong></span> <span class='ocrx_word' id='word_1_279' title='bbox 612 3530 923 3595; x_wconf 89' lang='lat' dir='ltr'><strong>umquam</strong></span> <span class='ocrx_word' id='word_1_280' title='bbox 978 3510 1056 3576; x_wconf 91' lang='lat' dir='ltr'><strong>de</strong></span> <span class='ocrx_word' id='word_1_281' title='bbox 1110 3531 1180 3576; x_wconf 86' lang='lat' dir='ltr'><strong>se</strong></span> <span class='ocrx_word' id='word_1_282' title='bbox 1234 3510 1478 3575; x_wconf 87' lang='lat' dir='ltr'><strong>bonam</strong></span> <span class='ocrx_word' id='word_1_283' title='bbox 1524 3530 1707 3595; x_wconf 91' lang='lat' dir='ltr'><strong>spem</strong></span> <span class='ocrx_word' id='word_1_284' title='bbox 1750 3509 2115 3597; x_wconf 86' lang='lat' dir='ltr'><strong>habuisset,</strong></span> <span class='ocrx_word' id='word_1_285' title='bbox 2172 3510 2301 3576; x_wconf 90' lang='lat' dir='ltr'><strong>nisi</strong></span> 
     </span>
    </p>
   </div>
  </div>
 </body>
</html>
