2566 4016
937 212 1093 267 CAP.
1136 221 1183 282 1,
1220 220 1252 269 2
1292 221 1324 281 ς
1362 222 1552 271 3—10.
2205 220 2246 284 3

233 352 471 418 aetatis
488 352 788 420 homines
810 355 1292 440 disertissimos,
1317 358 1732 444 fortissimos,
1757 361 2254 429 florentissimos

226 444 495 506 nostrae
540 441 854 527 civitatis,
914 445 1026 528 qui
1072 446 1398 510 communi
1443 447 1658 513 studio
1704 450 1974 514 summis
2019 451 2251 534 opibus

229 525 373 592 Sex.
409 527 733 595 Naevium
774 531 1140 617 defendunt,
1178 533 1236 597 si
1269 534 1338 597 id
1374 538 1477 599 est
1513 535 1868 620 defendere,
1913 538 2252 622 cupiditati

228 616 501 681 alterius
534 617 1004 704 obtemperare,
1041 642 1169 704 quo
1197 622 1255 685 is
1281 621 1557 706 facilius,
1595 646 1785 708 quem
1812 625 1992 708 velit,
2027 626 2250 709 iniquo

170 722 199 762 ⁵
224 704 465 769 iudicio
512 707 878 790 opprimere
921 708 1150 792 possit.
1227 707 1294 774 N
1294 732 1402 776 am
1449 712 1604 796 quid
1647 712 1771 778 hoc
1814 713 2099 798 iniquius
2137 718 2252 778 aut
2287 724 2320 773 8

223 792 584 878 indignius,
655 792 725 859 C.
781 794 1031 880 Aquili,
1101 796 1224 862 dici
1285 803 1399 864 aut
1461 803 1952 867 commemorari
2011 805 2252 887 potest,

226 903 425 965 quam
469 904 592 966 me,
639 883 750 967 qui
794 888 988 968 caput
1034 885 1333 970 alterius,
1382 887 1626 953 famam
1670 889 2095 975 fortunasque
2141 891 2251 955 de-

223 968 513 1053 fendam,
566 970 782 1055 priore
837 972 981 1037 loco
1037 995 1301 1039 causam
1356 975 1609 1044 dicere?
1664 999 1815 1043 cum
1862 979 2248 1063 praesertim

225 1055 298 1134 Q.
342 1056 768 1142 Hortensius,
821 1059 933 1143 qui
984 1062 1057 1126 in
1105 1061 1232 1127 hoc
1285 1063 1519 1129 iudicio
1572 1068 1795 1149 partes
1851 1067 2248 1132 accusatoris

150 1164 201 1203 10
229 1144 513 1229 obtinet,
558 1150 786 1212 contra
829 1169 934 1213 me
979 1149 1066 1213 sit
1112 1149 1429 1234 dicturus,
1477 1152 1582 1217 cui
1626 1174 1949 1218 summam
1993 1154 2248 1237 copiam

223 1232 736 1319 facultatemque
782 1235 1035 1301 dicendi
1076 1241 1316 1303 natura
1359 1239 1605 1323 largita
1651 1243 1767 1304 est.
1856 1240 1964 1305 Ita
2016 1240 2122 1322 fit,
2172 1244 2249 1304 ut

221 1341 381 1472 {512²
419 1323 751 1477 ῑὲιώεαῗέῗθ
770 1324 2247 1497 ⁶322?essk'ffissbffiffidffivssssffinffl

222 1497 481 1562 nullum
517 1498 758 1582 iecerit,
793 1499 928 1564 illis
963 1463 1181 1565 alitem
1207 1501 1275 1565 id
1302 1505 1560 1588 tempus
1586 1503 2013 1590 impugnandi
2040 1504 2247 1590 detur,

145 1603 195 1643 1⁵
224 1608 372 1652 cum
402 1589 469 1651 et
496 1587 748 1652 vitandi
773 1587 1036 1653 illorum
1061 1590 1346 1674 impetus
1381 1595 1676 1675 potestas
1714 1592 2021 1678 adempta
2054 1594 2244 1658 nobis

224 1674 351 1738 erit
379 1677 464 1758 et,
479 1683 484 1687 ’
500 1675 558 1739 si
594 1697 722 1759 qua
756 1676 828 1740 in
863 1698 951 1760 re,
986 1676 1053 1741 id
1089 1678 1261 1761 quod
1297 1680 1514 1763 parati
1549 1684 1702 1745 sunt
1737 1681 1966 1764 facere,
2002 1680 2245 1746 falsum

222 1762 469 1827 crimen
514 1763 701 1846 quasi
744 1769 1132 1830 venenatum
1174 1766 1438 1850 aliquod
1472 1768 1681 1833 telum
1716 1768 2001 1850 iecerint,
2046 1768 2245 1833 medi-

223 1841 406 1916 cinae
460 1850 790 1917 faciendae
846 1852 1023 1918 locus
1076 1875 1210 1919 non
1264 1855 1407 1919 erit.
1494 1854 1572 1918 Id
1626 1856 1858 1921 accidi-t
1919 1855 2242 1939 praetoris
2280 1866 2312 1913 9

221 1938 571 2024 iniquitate
624 1944 709 2029 et·
753 1940 1015 2025 iniuria,
1059 1942 1363 2027 'primum
1427 1942 1599 2026 quod
1660 1946 1891 2007 contra
1955 1941 2243 2006 omnium

143 2044 196 2084 2⁰
223 2028 751 2094 consuetudinem
803 2029 1113 2095 iudicium
1170 2029 1351 2114 prius
1399 2029 1476 2094 de
1520 2030 1762 2113 probro
1809 2051 2005 2114 quam
2051 2030 2128 2094 de
2173 2052 2243 2094 re

221 2116 457 2181 maluit
501 2116 658 2201 fieri,
704 2117 933 2183 deinde
978 2117 1150 2202 quod
1192 2118 1291 2182 ita
1337 2117 1677 2183 constituit
1720 2116 1787 2180 id
1830 2118 2048 2202 ipsum
2081 2117 2243 2182 iudi-

221 2204 412 2287 cium,
457 2207 532 2268 ut
576 2226 742 2289 reus,
789 2210 1140 2290 antequam
1183 2206 1454 2271 verbum
1498 2206 1890 2271 accusatoris
1938 2205 2243 2289 audisset,

220 2314 487 2358 causam
540 2292 750 2358 dicere
803 2297 1160 2379 cogeretur.
1250 2293 1437 2369 Quod
1491 2316 1714 2359 eorum
1760 2294 1976 2380 gratia
2021 2298 2086 2359 et
2130 2316 2241 2381 po-

218 2381 434 2445 tentia
467 2380 712 2446 factum
745 2385 865 2466 est,
909 2382 1039 2465 qui,
1075 2382 1262 2465 quasi
1300 2404 1418 2447 sua
1453 2404 1557 2448 res
1593 2386 1708 2448 aut
1742 2383 1950 2448 honos
1989 2386 2243 2470 agatur,

139 2483 191 2524 26
218 2469 317 2533 ita
373 2467 722 2554 diligenter
767 2467 907 2534 Sex.
952 2468 1162 2535 Naevi
1216 2470 1432 2535 studio
1490 2474 1559 2535 et
1605 2471 1949 2555 cupiditati
1993 2494 2242 2537 morem

220 2560 461 2642 gerunt
514 2559 581 2621 et
631 2557 702 2622 in
755 2558 893 2623 eius
948 2558 1125 2623 modi
1168 2559 1362 2623 rebus
1410 2580 1564 2643 opes
1611 2580 1762 2623 suas
1809 2560 2242 2643 experiuntur,

217 2645 289 2709 in
345 2644 609 2729 quibus,
664 2667 791 2730 quo
837 2646 986 2730 plus
1031 2649 1300 2731 propter
1344 2646 1655 2711 virtutem
1696 2648 2241 2730 nobilitatemque

217 2736 517 2818 possunt,
561 2754 638 2798 eo
675 2734 907 2817 minus,
950 2737 1266 2817 quantum
1301 2735 1575 2818 possint,
1610 2734 1848 2800 debent
1884 2735 2239 2800 ostendere.

293 2824 298 2831 ⁴
399 2818 564 2886 Cum
618 2825 722 2886 tot
772 2821 1104 2906 tantisque
1159 2821 1651 2887 difficultatibus
1711 2823 1977 2888 affectus
2043 2826 2238 2905 atque
2276 2829 2345 2879 10

137 2922 190 2964 ³0
218 2908 503 2974 afflictus
549 2908 620 2973 in
665 2912 866 2993 tuam,
915 2907 984 2975 G.
1029 2909 1276 2994 Aquili,
1319 2910 1530 2994 fidem,
1574 2911 1945 2994 veritatem,
1990 2909 2240 2975 miseri-

218 2996 509 3062 cordiam
541 2994 616 3062 P.
650 2995 987 3072 Quinctius
1026 2998 1411 3084 confugerit‚
1448 3021 1593 3065 eum
1631 2999 1839 3065 adhuc
1877 2999 1936 3064 ei
1971 3001 2241 3082 propter

217 3084 352 3149 vim
398 3085 920 3151 adversariorum
962 3107 1095 3151 non
1137 3086 1240 3151 ius
1286 3109 1434 3172 par,
1485 3108 1619 3152 non
1662 3086 1898 3173 agendi
1942 3088 2238 3171 potestas

219 3172 462 3257 eadem,
507 3195 641 3238 non
676 3174 1104 3260 magistratus
1142 3197 1383 3259 aequus
1429 3174 1699 3260 reperiri
1743 3174 2050 3259 potuerit,
2093 3195 2241 3239 oum

216 3262 278 3324 ei
316 3283 640 3328 summam
724 3284 794 3328 er
837 3263 1140 3328 iniuriam
1188 3263 1408 3328 omnia
1450 3263 1716 3328 inimica
1760 3265 1956 3346 atque
2000 3261 2241 3328 infesta

132 3364 189 3407 8⁵
214 3348 479 3433 fuerint,
526 3353 611 3433 te,
713 3401 726 3414 .
771 3349 1027 3435 Aquili,
1071 3373 1343 3436 vosque,
1390 3351 1501 3435 qui
1546 3351 1617 3416 in
1661 3350 1932 3415 consilio
1980 3350 2241 3435 adestis,

216 3442 364 3504 orat
409 3441 607 3522 atque
654 3439 968 3523 obsecrat,
1013 3444 1089 3504 ut
1132 3440 1359 3504 multis
1404 3438 1659 3503 iniuriis
1695 3438 2008 3504 iactatam
2043 3443 2239 3523 atque

213 3526 540 3612 agitatam
586 3526 983 3611 aequitatem
1025 3527 1097 3593 iu
1138 3527 1263 3593 hoc
1298 3525 1565 3593 tandem
1600 3527 1744 3592 loco
1783 3528 2136 3593 consistere
2173 3530 2239 3591 et

1742 3636 1770 3684 1
1784 3629 1815 3663 t
