2566 4016
746 216 879 271 ΠΒ.
908 217 987 272 IV
1050 217 1208 273 CAP.
1247 224 1389 274 c-s
1426 225 1456 284 s
1498 224 1721 276 11—17.
2113 219 2246 286 369

225 361 488 448 signum
525 364 795 425 aeneum
839 382 972 425 non
1017 361 1372 426 maximum
1416 359 1529 426 HS
1574 365 1669 427 Ξζῖ
1715 362 1934 428 venire
1978 385 2111 429 non
2154 365 2245 428 vi-

227 449 481 514 dimus?
575 448 789 525 Quid?
845 448 903 512 si
955 449 1154 514 velim
1205 449 1544 514 nominare
1598 450 1893 515 homines
1902 501 1920 535 ,
1974 451 2087 536 qui
2131 455 2244 517 aut

223 558 359 603 non
395 536 666 602 minoris
708 542 821 601 aut
858 536 1056 601 etiam
1090 537 1297 622 pluris
1341 537 1633 623 emerint,
1674 560 1890 603 nonne
1933 540 2243 624 possum?

225 625 489 693 Etenim
537 624 648 709 qui
692 623 921 689 modus
966 629 1067 689 est
1112 627 1183 689 in
1225 625 1331 690 his
1377 626 1570 692 rebus
1616 627 2021 711 cupiditatiS,
2070 627 2243 692 idem

171 731 200 773 5
228 718 330 779 est
354 712 854 794 aestimationis3
884 713 1145 778 difficile
1169 717 1271 779 est
1295 715 1519 795 [enim]
1548 715 1745 780 finem
1771 714 1984 780 facere
2010 715 2243 801 pretio,

226 802 356 866 nisi
391 801 647 867 libidini
683 800 928 866 feceris.
998 800 1206 867 Video
1243 802 1450 887 igitur
1483 802 1721 868 Heium
1766 825 1974 887 neque
2018 803 2245 868 volun·

227 894 366 955 tate
392 911 602 974 neque
631 888 1015 954 difficultate
1044 890 1264 974 aliqua
1291 890 1605 975 temporis
1639 913 1758 957 nec
1793 891 2242 977 magnitudine

225 977 535 1063 pecuniae
573 977 920 1042 adductum
958 999 1115 1062 esse,
1151 982 1226 1043 ut
1261 978 1423 1044 haec
1460 979 1649 1063 signa
1682 979 2008 1062 venderet,
2050 983 2243 1063 teque

225 1066 358 1131 ista
394 1065 808 1130 simulatione
855 1067 1202 1150 emptionis
1247 1066 1334 1150 vi,
1378 1070 1575 1150 metu,
1620 1067 1912 1151 imperio,
1955 1066 2242 1132 fascibus

145 1171 201 1211 ιο
229 1155 311 1218 ab
348 1154 611 1218 homine
649 1175 743 1237 e0,
790 1175 982 1238 quem
1017 1176 1147 1219 una
1182 1177 1329 1220 cum
1365 1154 1595 1220 ceteris
1632 1154 1825 1219 sociis
1860 1176 1994 1220 non
2030 1155 2243 1220 solum

227 1241 547 1327 potestati
579 1245 748 1325 tuae,
795 1242 908 1306 sed
943 1242 1142 1308 etiam
1181 1242 1334 1307 fidei
1378 1243 1658 1327 populus
1694 1242 2029 1308 Romanus
2074 1264 2243 1308 com-

230 1329 524 1411 miserat,
570 1329 881 1413 eripuisse
928 1335 1122 1414 atque
1168 1331 1538 1397 abstulisse.

363 1417 531 1494 Quid
576 1417 738 1482 mihi
781 1421 920 1483 tam
965 1418 1351 1503 optandum,
1404 1418 1645 1484 iudices
1656 1468 1673 1501 ,
1722 1422 1942 1502 potest
1987 1439 2128 1482 esse
2173 1418 2243 1482 in
2282 1425 2350 1476 15

229 1505 354 1571 hoc
407 1506 698 1590 crimine,
756 1529 951 1591 quam
999 1511 1075 1571 ut
1117 1507 1277 1572 haec
1324 1507 1549 1571 eadem
1595 1505 1767 1571 dicat
1809 1506 1949 1591 ipse
1994 1504 2244 1570 Heius?

146 1609 202 1651 1⁵
228 1593 413 1659 Nihil
466 1595 786 1679 profect03
840 1595 953 1660 sed
1002 1617 1085 1660 ne
1141 1594 1435 1660 difficilia
1487 1596 1804 1679 optemus.
1893 1593 2095 1659 Heius
2144 1598 2245 1658 est

228 1681 681 1766 Mamertinus;
717 1683 1107 1749 Mamertina
1133 1683 1366 1748 civitas
1391 1683 1593 1748 istum
1624 1681 1881 1767 publice
1919 1682 2246 1748 communi

230 1770 499 1835 consilio
548 1772 690 1835 sola
732 1772 983 1854 laudat3
1029 1771 1333 1836 omnibus
1376 1771 1503 1836 iste
1547 1770 1779 1836 ceteris
1818 1767 2049 1836 Siculis
2094 1769 2245 1834 odio

233 1860 362 1939 est,
409 1858 492 1920 ab
531 1857 635 1921 his
683 1858 841 1922 solis
887 1864 1168 1942 amatur3
1214 1860 1352 1925 eius
1400 1863 1619 1924 autem
1664 1857 2033 1943 legationis,
2080 1878 2245 1941 quae

234 1944 318 2008 ad
377 1943 578 2010 istum
640 1945 1033 2010 laudandum
1086 1947 1291 2012 missa
1343 1951 1469 2031 est,
1532 1945 1831 2031 princeps
1887 1948 1988 2011 est
2039 1944 2243 2010 Heius

149 2050 206 2092 so
233 2031 507 2119 (etenim
563 2035 663 2098 est
710 2034 958 2117 primus
1006 2033 1339 2119 civitatis),
1389 2056 1472 2099 ne
1514 2034 1715 2119 forte,
1770 2034 1922 2099 dum
1966 2033 2245 2118 publicis

230 2120 556 2187 mandatis
612 2122 882 2205 serviat,
936 2121 1013 2186 de
1065 2122 1343 2206 privatis
1396 2122 1648 2187 iniuriis
1693 2122 1979 2188 reticeat.
2065 2121 2246 2188 Haec
2285 2137 2354 2188 16

132 2245 137 2249 ·
232 2231 379 2274 cum
442 2209 674 2275 scirem
737 2214 804 2274 et
866 2209 1250 2295 cogitarem,
1322 2210 1618 2275 commisi
1678 2216 1928 2294 tamen,
1987 2210 2248 2295 iudices,

231 2296 425 2381 Heio,
479 2297 755 2382 produxi
810 2299 1010 2379 [eum]
1065 2297 1277 2382 prima
1332 2298 1612 2381 actione,
1663 2320 1872 2383 neque
1915 2298 1984 2364 id
2027 2304 2249 2364 tamen

231 2385 369 2451 ullo
428 2386 716 2471 periculo
769 2385 912 2451 feci.
994 2385 1163 2463 Quid
1217 2386 1390 2451 enim
1433 2390 1694 2472 poterat
1738 2386 1942 2453 Heius
1986 2408 2248 2472 respon-

148 2487 205 2530 25
233 2474 409 2558 dere,
469 2475 527 2538 si
579 2478 752 2539 esset
803 2474 1169 2559 improbus,
1224 2475 1282 2539 si
1336 2475 1437 2541 sui
1492 2475 1872 2541 dissimilis?
1933 2498 2077 2541 esse
2129 2476 2249 2541 illa

232 2562 422 2648 signa
457 2562 634 2639 domi
670 2585 841 2648 suae,
885 2586 1019 2628 non
1056 2584 1196 2627 esse
1233 2564 1406 2647 apud
1431 2562 1748 2628 Verrem?
1820 2563 1945 2640 Qui
1988 2568 2249 2649 poterat

230 2651 578 2734 quicquam
642 2652 778 2716 eius
842 2651 1020 2717 mo'di
1083 2651 1337 2717 dicere?
1424 2651 1523 2719 Ut
1579 2652 1775 2718 homo
1829 2652 2246 2737 turpissimus

232 2740 404 2802 esset
457 2737 1118 2823 inpudentissimeque
1171 2740 1584 2824 mentiretur,
1637 2739 1763 2805 hoc
1818 2739 2082 2823 diceret,
2129 2738 2250 2804 illa

235 2845 304 2889 se
339 2823 646 2889 habuisse
686 2828 970 2910 venalia,
1016 2848 1218 2910 eaque
1264 2849 1431 2911 sese,
1478 2827 1708 2911 quanti
1748 2827 2056 2911 voluerit,
2100 2847 2249 2890 ven·

147 2929 206 2972 so
235 2912 493 2978 didisse.
587 2910 804 2978 Homo
859 2914 1035 2979 domi
1089 2935 1243 2979 suae
1294 2914 1742 2981 nobilissimus
1751 2964 1770 2998 ,
1832 2915 1946 2998 qui
1998 2934 2116 2979 vos
2171 2914 2248 2979 de

231 2999 549 3086 religione
615 3020 732 3064 sua
795 3022 870 3065 ac
934 3001 1254 3087 dignitate
1312 3023 1464 3066 vere
1523 3001 1912 3067 existumare
1970 3001 2248 3066 maxime

231 3090 450 3173 vellet,
496 3086 709 3173 primo
746 3087 910 3152 dixit
946 3110 1016 3154 se
1050 3088 1252 3153 istum
1287 3089 1546 3174 publice
1581 3089 1866 3174 laudare,
1909 3089 2083 3173 quod
2123 3089 2250 3156 sibi

229 3177 328 3244 ita
390 3175 770 3242 mandatum
834 3180 1033 3259 esset3
1098 3176 1325 3243 deinde
1386 3198 1594 3261 neque
1649 3199 1719 3243 se
1771 3178 1890 3243 illa
1941 3178 2248 3243 habuisse

231 3265 490 3331 venalia
524 3286 731 3348 neque
768 3265 908 3330 ulla
943 3264 1335 3349 condicione,
1370 3266 1446 3349 si,
1487 3270 1707 3332 utrum
1744 3265 1962 3351 vellet,
2006 3266 2249 3352 liceret,

145 3369 204 3413 35
233 3353 462 3420 adduci
523 3374 834 3437 umquam
887 3352 1206 3439 potuisse,
1267 3358 1345 3420 ut
1396 3354 1703 3420 venderet
1753 3354 1899 3439 illa,
1961 3376 2126 3439 quae
2179 3354 2250 3419 in

233 3441 516 3509 sacrario
569 3440 850 3507 fuissent
895 3464 936 3507 a
989 3441 1347 3509 maioribus
1403 3443 1538 3509 suis
1591 3443 1822 3509 relicta
1875 3447 1942 3509 et
1985 3442 2248 3509 tradita.
2286 3491 2328 3556 8

362 3527 532 3604 Quid
568 3529 769 3615 sedeS,
807 3528 1091 3597 Verres?
1136 3530 1291 3618 quid
1330 3533 1674 3620 expectas?
1720 3532 1877 3618 quid
1910 3535 1977 3599 te
2014 3555 2055 3599 a
2089 3531 2248 3600 Oen·
2288 3569 2357 3619 1¹2

337 3640 444 3683 010.
471 3642 537 3685 11.
568 3645 604 3684 1.
1750 3643 1821 3694 24
