2566 4016
726 217 862 274 ΜΒ.
900 219 954 274 11
1037 218 1188 274 CAP.
1230 225 1439 275 14-16
1478 225 1508 285 5
1546 227 1772 276 36-41.
2120 221 2251 287 213

235 362 570 430 advocatis
627 361 764 426 adit
820 365 887 427 et
939 363 1258 447 postulat,
1322 366 1396 428 ut
1450 362 1577 427 sibi
1631 384 1778 428 cum
1830 364 2251 451 palaestritis,

234 453 360 518 hoc
395 455 498 516 est
534 471 683 517 cum
716 450 960 534 populo
998 447 1422 535 Syracusano,
1467 471 1671 535 aequo
1707 450 1846 516 iure
1892 452 2251 538 disceptare

235 541 448 606 liceat.
539 537 919 603 Adversarii
972 539 1338 623 postulant,
1390 542 1466 603 ut
1519 539 1589 603 in
1636 559 1779 604 eam
1823 561 1964 604 rem
2007 541 2248 607 iudices

236 629 470 694 dentur
497 648 576 692 ex
603 625 685 692 iis
723 626 1119 709 civitatibus,
1156 648 1320 711 quae
1355 626 1425 691 in
1460 626 1528 690 id
1561 625 1777 692 forum
1815 629 2251 712 convenirent,

182 735 209 777 ο
239 716 457 800 electi,
526 714 638 799 qui
699 711 892 779 Verri
963 714 1361 797 viderentur,
1433 713 1776 780 Heraclius
1849 719 2103 801 contra,
2174 721 2251 782 ut

236 803 477 871 iudices
523 825 559 868 e
604 803 751 889 lege
794 801 1059 888 Rupilia
1112 803 1373 887 dentur,
1425 825 1507 867 ne
1562 804 1644 868 ab
1691 803 2015 868 institutis
2062 826 2250 889 supe-

236 894 500 976 riorum,
547 891 631 956 ab
671 891 1059 957 auctoritate
1097 895 1380 975 senatus,
1427 891 1511 956 ab
1556 891 1695 956 iure
1742 892 2031 958 omnium
2077 891 2249 959 Sicu-

236 1069 573 1135 libidinem
624 1071 695 1132 et
750 1068 995 1133 scelera
1047 1067 1529 1132 demonstrem?
1594 1067 1738 1152 quis
1784 1072 2073 1134 vestrum
2118 1091 2252 1135 non

158 1176 210 1216 ιο
236 1158 306 1223 in
349 1158 604 1222 urbana
647 1155 808 1220 iuris
855 1155 1134 1220 dictione
1179 1155 1529 1241 cognovit?
1575 1155 1719 1239 quis
1763 1177 2075 1240 umquam
2118 1157 2249 1222 isto

236 1248 538 1330 praetore
592 1241 947 1311 Chelidone
1010 1243 1219 1309 invita
1281 1244 1427 1328 1686
1490 1263 1684 1329 agere
1738 1244 2001 1328 potuit?
2100 1243 2252 1309 Non

237 1334 458 1415 istum,
501 1335 576 1397 ut
611 1353 743 1397 non
776 1332 1119 1414 neminem,
1163 1331 1499 1416 provincia
1539 1332 1847 1416 eorrupit,
1891 1332 2062 1397 idem
2106 1332 2251 1416 fuit,

239 1421 352 1505 qui
394 1420 660 1486 Romae.
750 1417 914 1486 Cum
968 1419 1061 1503 id,
1117 1419 1292 1504 quod
1346 1441 1570 1485 omnes
1615 1420 2116 1506 intellegebant,
2159 1421 2251 1485 di—

238 1513 413 1575 ceret
457 1507 818 1592 Heracliae,
863 1510 1113 1573 certum
1157 1507 1259 1573 ius
1307 1529 1448 1573 esse
1493 1504 1726 1573 Siculis
1770 1508 1943 1573 inter
1990 1529 2076 1592 se,
2121 1531 2250 1592 quo

161 1615 213 1658 15
239 1599 377 1664 iure
413 1600 759 1679 certarent,
795 1597 1008 1682 legem
1045 1616 1186 1661 esse
1222 1594 1573 1681 Rupiliam,
1620 1617 1815 1680 quam
1850 1595 1921 1660 P.
1948 1594 2249 1682 Rupilius

239 1686 465 1753 consul
520 1685 598 1750 de
652 1684 871 1751 decem
925 1685 1296 1770 legatorum
1351 1684 1673 1749 sententia
1721 1684 2031 1768 dedisset3
2083 1685 2253 1751 hanc

240 1795 462 1840 omnes
529 1786 782 1857 semper
844 1773 916 1837 in
968 1769 1190 1837 Sicilia
1252 1773 1548 1838 consules
1610 1775 2070 1856 praetoresque
2123 1794 2252 1836 ser-

240 1882 454 1927 vasse:
507 1861 774 1945 negavit
829 1882 897 1926 se
951 1860 1192 1926 iudices
1258 1882 1292 1924 6
1338 1861 1482 1944 1686
1530 1858 1796 1943 Rupilia
1850 1859 2251 1943 sortiturum,

244 1949 526 2035 quinque
596 1948 863 2033 iudices,
937 1969 1099 2034 quos
1169 1947 1300 2033 ipsi
1361 1946 1770 2014 commodum
1831 1946 1986 2032 fuit,
2059 1947 2250 2013 dedit.

156 2058 211 2098 20
242 2038 411 2115 Quid
473 2038 597 2105 hoc
660 2038 924 2103 homine
984 2035 1232 2102 facias?
1300 2036 1470 2120 quod
1535 2035 1923 2120 supplicium
1982 2035 2251 2121 dignum

239 2127 507 2193 libidine
562 2126 698 2191 eius
752 2125 1088 2191 invenias?
1169 2123 1652 2208 Praescriptum
1700 2122 1826 2187 tibi
1868 2145 2016 2188 cum
2062 2128 2250 2208 esset,

238 2216 436 2281 homo
483 2214 827 2279 deterrime
874 2217 940 2278 et
983 2212 1568 2297 impudentissime,
1622 2233 1814 2295 quem
1860 2211 1942 2277 ad
1985 2211 2249 2277 modum

239 2303 483 2368 iudices
545 2302 717 2365 inter
771 2298 1022 2367 Siculos
1078 2301 1265 2366 dares
1273 2350 1293 2385 ,
1355 2323 1503 2366 cum
1555 2299 1969 2384 imperatoris
2022 2300 2250 2385 populi

239 2389 521 2457 Romani
583 2390 965 2473 auctoritas,
1027 2389 1397 2475 legatorum
1446 2407 1521 2472 x,
1585 2410 1984 2454 summorum
2046 2389 2250 2454 homi—

156 2476 2026 2649 ²⁵33331ffig¹1¹>st²1⁵a⁵523?{0⁰}”s1ssssssffifflessffiffiia
2069 2477 2250 2629 {³322

238 2656 309 2719 in
376 2653 600 2719 Sicilia
670 2589 1098 2719 6066Ιέ1ὺη616ὲ
1104 2703 1122 2736 ,
1194 2674 1342 2718 cum
1415 2672 1636 2717 omnes
1710 2656 1861 2717 ante
1932 2656 2000 2716 te
2070 2586 2252 2736 prffae-

239 2746 454 2803 torem
488 2739 785 2823 Rupilias
822 2741 1001 2826 leges
1040 2744 1106 2805 et
1145 2739 1216 2804 in
1258 2739 1489 2805 ceteris
1535 2739 1727 2805 rebus
1774 2743 1840 2804 et
1884 2739 1955 2803 in
1998 2738 2250 2803 iudiciis

241 2826 521 2892 maxime
558 2826 1032 2910 observassent,
1075 2831 1149 2892 tu
1186 2848 1380 2893 ausus
1420 2848 1486 2893 es
1523 2848 1643 2912 pro
1678 2826 1887 2891 nihilo
1931 2847 2089 2910 prae
2135 2829 2251 2889 tua

153 2936 213 2977 so
238 2914 482 3000 praeda
509 2916 613 2978 tot
647 2934 751 2978 res
788 2915 1232 2981 sanctissimas
1271 2915 1543 2980 ducere?
1588 2913 1715 2978 tibi
1747 2914 1932 2980 nulla
1967 2913 2072 2978 lex
2106 2912 2249 2996 fuit,

240 3003 426 3069 nulla
451 3001 705 3087 religi0‚
740 3002 960 3067 nullus
988 3002 1487 3068 existimationis
1515 3001 1738 3087 pudor,
1772 3001 1994 3066 nullus
2031 3000 2250 3066 iudicii

241 3092 498 3156 metus?
569 3090 814 3154 nullius
887 3089 1058 3175 apud
1119 3094 1187 3156 te
1256 3090 1475 3176 gravis
1541 3089 1895 3155 auotoritas
1906 3139 1925 3171 ,
1996 3088 2249 3153 nullum

241 3180 634 3264 exemplum,
697 3177 869 3262 quod
933 3178 1115 3261 sequi
1177 3179 1424 3244 velles?
1523 3177 1794 3260 Verum,
1855 3180 1930 3241 ut
1994 3176 2250 3240 institui

240 3268 476 3351 dicere,
532 3266 814 3351 quinque
867 3264 1184 3331 iudicibus
1237 3266 1423 3329 nulla
1475 3266 1647 3351 lege,
1698 3265 1882 3329 nullo
1927 3263 2249 3349 instituto,

156 3373 212 3415 ³5
239 3356 423 3420 nulla
472 3355 847 3438 reiectione,
899 3353 1082 3418 nulla
1136 3357 1313 3418 sorte
1368 3375 1445 3417 ex
1499 3352 1767 3418 libidine
1820 3351 2010 3417 istius
2060 3352 2249 3437 datis,

237 3464 372 3509 non
424 3444 534 3528 qui
589 3465 851 3509 causam
905 3444 1396 3526 cognoscerent,
1460 3440 1574 3506 sed
1629 3440 1765 3525 qui,
1829 3440 2001 3525 quod
2051 3441 2250 3527 impe-

239 3534 455 3595 ratum
492 3535 684 3616 esset,
723 3531 1099 3613 iudicarent,
1144 3550 1219 3594 eo
1259 3528 1360 3595 die
1395 3528 1561 3597 nihil
1598 3533 1814 3595 actum
1851 3533 1978 3613 est3
2024 3530 2248 3595 adesse

236 983 450 1048 lorum
512 979 868 1045 recedatur.
971 979 1142 1056 Quid
1203 1000 1328 1065 ego
1390 979 1582 1044 istius
1644 979 1714 1044 in
1777 980 1915 1044 iure
1976 980 2247 1046 dicundo
2272 950 2354 1076 132

2287 2046 2355 2097 40

2339 2249 2438 2310 s*

2349 2329 2368 2364 N

2286 3190 2351 3237 41
