2566 4016
772 227 910 282 ΗΒ.
948 226 1025 281 111
1079 226 1230 282 CAP.
1271 234 1477 284 ιιι-16
1514 234 1545 295 5
1582 235 1808 285 ενι-41.
2136 229 2268 293 285

255 377 385 439 tate
466 391 784 437 novorum
866 370 1226 436 edictorum
1305 371 1604 457 intellegi
1674 373 1899 454 velim,
1978 372 2264 438 iudices?

253 461 635 528 iniuriamne
689 458 933 524 factam
990 458 1228 524 sociis?
1309 457 1403 522 At
1452 459 1704 525 videtis.
1786 460 2263 526 Auctoritatem

255 549 655 634 superiorum
692 547 1145 631 repudiatam?
1226 544 1380 612 Non
1420 546 1683 613 audebit
1727 568 1985 633 negare.
2056 547 2264 633 Apro-

253 638 429 703 nium
465 639 727 700 tantum
768 634 899 699 isto
945 637 1247 720 praetore
1293 635 1629 719 potuisse?
1711 633 2115 701 Oonfiteatur
2158 658 2264 700 ne-

206 744 232 785 s
256 746 429 790 cesse
466 726 585 789 est.
658 720 785 787 Sed
821 742 938 788 vos
975 721 1275 805 fortasse,
1312 723 1485 806 quod
1520 744 1638 787 vos
1674 723 1779 788 lex
1817 728 2201 806 commonet,
2238 719 2368 788 (16)

253 813 317 878 id
368 813 439 876 in
489 812 614 877 hoc
668 812 812 876 loco
860 810 1214 894 quaeretis,
1266 831 1424 874 num
1471 832 1632 895 quas
1679 833 1758 876 ex
1802 810 1980 877 hisce
2025 813 2219 876 rebus
2257 794 2367 860 (40)

252 900 552 986 pecunias
604 898 866 983 ceperit.
946 897 1212 964 Docebo
1259 898 1506 982 cepisse
1551 900 1868 964 maximas
1915 920 2263 984 omnesque

252 1010 356 1054 eas
419 987 830 1071 iniquitates,
896 986 973 1051 de
1037 986 1270 1070 quibus
1332 991 1526 1051 antea
1577 987 1735 1070 dixi,
1800 987 1901 1053 sui
1956 992 2263 1071 quaestus

251 1096 442 1142 causa
505 1074 925 1142 constituisse
987 1074 1282 1163 vincam,
1334 1074 1392 1138 si
1445 1074 1625 1158 prius
1679 1074 1845 1139 illud
1898 1096 2265 1162 propugna-

179 1184 229 1224 ιο
253 1165 494 1248 culum,
551 1184 678 1247 quo
733 1164 964 1227 contra
1018 1181 1241 1226 omnes
1297 1183 1476 1226 meos
1530 1163 1814 1247 impetus
1869 1184 2138 1228 usurum
2191 1184 2262 1228 se

252 1255 468 1336 putat,
514 1271 592 1315 ex
636 1249 1006 1315 defensione
1052 1250 1189 1313 eius
1237 1249 1542 1315 deiecero.

384 1334 743 1424 ‘Magno',
786 1338 1018 1422 inquit,
1064 1336 1450 1401 ‘decumas
1497 1336 1848 1403 vendidi.'
1913 1337 2083 1415 Quid
2120 1337 2261 1403 ais‘?

253 1448 334 1493 an
370 1431 445 1492 tu
482 1426 801 1509 decumas,
844 1426 1042 1491 homo
1090 1424 1515 1490 audacissime
1561 1430 1757 1510 atque
1803 1426 2262 1508 amentissime,

251 1514 637 1581 vendidisti?
720 1513 819 1578 'Pu
863 1513 1072 1605 partis
1119 1535 1257 1596 eas,
1315 1535 1475 1596 quas
1529 1518 1597 1579 te
1648 1517 1912 1579 senatus
1957 1515 2261 1599 populus·

174 1622 225 1663 ιε
252 1626 372 1688 que
417 1603 750 1669 Romanus
804 1601 1043 1685 voluit,
1098 1623 1183 1667 an
1224 1601 1473 1666 fructus
1519 1603 1812 1688 integros
1857 1606 2054 1686 atque
2101 1602 2261 1667 adeo

249 1693 422 1758 bona
442 1690 869 1774 fortunasque
898 1693 1231 1755 aratorum
1259 1691 1470 1754 omnis
1499 1690 1891 1755 vendidisti?
1939 1689 2010 1754 Si
2041 1691 2263 1775 palam

249 1800 481 1864 praeco
535 1779 714 1843 iussu
764 1782 880 1843 tuo
925 1777 1365 1861 praedicasset
1409 1799 1542 1842 non
1588 1778 1888 1843 decumas
1933 1776 2263 1861 frumenti,

252 1867 366 1932 sed
430 1866 727 1932 dimidias
790 1866 1011 1931 venire
1072 1865 1310 1948 partiS,
1374 1867 1441 1929 et
1502 1866 1600 1929 ita
1663 1869 1989 1948 emptores
2053 1886 2261 1930 acces-

251 1954 508 2039 sissent,
557 1958 632 2022 ut
677 1954 759 2021 ad
796 1952 1094 2020 dimidias
1140 1952 1349 2038 partis
1397 1952 1716 2037 emendas,
1762 1952 1821 2016 si
1864 1952 2070 2037 pluris
2117 1974 2263 2018 ven-

169 2062 223 2104 so
249 2044 521 2110 didisses
585 2047 660 2108 tu
724 2042 1022 2108 dimidias
1086 2063 1281 2125 quam
1346 2040 1544 2106 ceteri
1607 2041 1935 2124 decumas,
2003 2041 2260 2107 cuinam

245 2133 486 2198 mirum
530 2131 903 2197 videretur?
985 2128 1197 2206 Quid?
1259 2128 1317 2193 si
1358 2150 1593 2214 praeco
1641 2129 1939 2194 decumas
1984 2151 2262 2213 pronun-

246 2220 469 2304 tiavit,
512 2241 585 2284 re
628 2242 808 2303 vera,
853 2219 978 2284 hoc
1024 2222 1125 2283 est
1168 2218 1341 2303 lege,
1387 2218 1624 2302 edicto,
1669 2217 2067 2302 condicione,
2112 2220 2261 2303 plus

249 2307 449 2372 etiam
488 2328 682 2390 quam
729 2307 1031 2373 dimidiae
1075 2306 1433 2391 venierunt,
1476 2310 1699 2372 tamen
1743 2306 1869 2371 hoc
1912 2306 2038 2371 tibi
2082 2329 2263 2391 prae-

249 2396 497 2461 clarum
549 2396 841 2481 putabis,
903 2400 971 2460 te
1023 2395 1258 2478 pluris,
1325 2394 1494 2478 quod
1548 2416 1681 2460 non
1735 2394 2002 2480 licebat,
2067 2417 2262 2480 quam

164 2500 218 2542 2⁵
248 2487 525 2568 ceteros,
570 2485 742 2568 quod
788 2483 1162 2569 oportebat,
1207 2482 1617 2548 vendidisse?
1697 2481 1914 2548 Pluris
1962 2484 2263 2550 decumas

244 2572 595 2638 vendidisti
660 2594 857 2658 quam
922 2571 1134 2637 ceteri.
1235 2569 1486 2647 Quibus
1549 2571 1742 2637 rebus
1796 2570 1864 2635 id
1918 2571 2261 2638 adsecutus
2298 2584 2364 2634 41

245 2661 363 2724 es?
426 2660 840 2725 innocentia?
931 2659 1169 2743 Aspice
1228 2658 1452 2723 aedem
1507 2656 1827 2741 Castoris3
1889 2659 2142 2741 deinde,
2208 2660 2265 2724 si

247 2744 466 2826 audes,
501 2745 607 2811 fac
634 2747 1029 2812 mentionem
1066 2746 1490 2811 innocentiae.
1552 2746 1960 2832 Diligentia‘?
2005 2745 2261 2813 Codicis

244 2832 484 2896 lituras
520 2832 620 2896 tui
665 2836 1104 2919 contemplare
1148 2834 1219 2899 in
1255 2831 1485 2899 Stheni
1528 2834 1934 2899 Thermitani
1976 2834 2264 2917 nomine3

155 2938 214 2981 so
245 2919 478 2985 deinde
517 2919 679 2985 aude
715 2925 782 2985 te
818 2921 1028 2987 dicere
1066 2922 1464 3007 diligentem.
1530 2921 1846 3008 Ingenio?
1903 2921 2029 2998 Qui
2073 2922 2262 2987 testis

241 3009 654 3094 interrogare
714 3008 930 3091 priore
995 3010 1248 3075 actione
1301 3010 1586 3074 nolueris
1642 3014 1708 3074 et
1760 3009 1841 3074 iis
1894 3010 2133 3075 tacitus
2190 3032 2263 3075 os

240 3101 435 3162 tuum
488 3096 801 3181 praebere
856 3097 1191 3180 malueris,
1246 3097 1544 3182 quamvis
1599 3101 1665 3162 et
1717 3102 1784 3162 te
1839 3101 1905 3162 et
1950 3101 2262 3182 patronos

239 3188 397 3250 tuos
453 3184 827 3270 ingeniosos
883 3206 1023 3249 esse
1078 3185 1292 3251 dicito.
1384 3184 1526 3260 Qua
1579 3207 1648 3249 re
1696 3186 1901 3271 igitur
1944 3185 2038 3269 id,
2092 3186 2264 3270 quod

240 3274 363 3355 ais,
409 3273 754 3339 adsecutus
793 3273 906 3338 es‘?
978 3271 1223 3357 Magna
1259 3277 1361 3338 est
1398 3273 1569 3338 enim
1606 3274 1770 3357 laus,
1808 3274 1865 3337 si
1901 3274 2263 3358 superiores

144 3376 207 3419 8⁶
239 3361 519 3426 consilio
557 3361 792 3445 vicisti,
837 3359 1310 3448 posterioribus
1349 3362 1715 3445 exemplum
1753 3364 1949 3446 atque
1986 3362 2262 3428 auctori—

235 3452 451 3514 tatem
526 3450 871 3535 reliquisti.
969 3446 1119 3513 Tibi
1189 3447 1472 3513 fortasse
1535 3449 1802 3515 idoneus
1864 3449 1992 3516 fuit
2054 3473 2264 3535 nem0,

236 3556 438 3614 quem
509 3538 869 3617 imitarere3
942 3542 1011 3603 at
1082 3540 1150 3602 te
1217 3536 1519 3604 videlicet
1579 3539 1983 3607 inventorem
2046 3562 2263 3606 rerum

2288 518 2371 645 ἒξ
