2566 4016
954 217 1110 274 CAP.
1153 225 1237 286 ιι,
1269 225 1335 275 18
1371 224 1403 285 5
1431 225 1658 276 ιιι-56.
2185 220 2312 286 139

290 361 737 428 diuturnitatis
776 361 1055 427 adducta
1090 362 1202 444 sit3
1238 383 1372 428 non
1406 363 1832 447 committam,
1867 367 1943 427 ut
1977 367 2118 429 tum
2155 363 2314 430 haec

287 472 392 516 res
428 450 767 533 iudicetur,
803 469 949 514 cum
985 450 1145 515 haec
1179 449 1546 533 frequentia
1591 450 1795 516 totius
1832 450 2065 516 Italiae
2101 450 2314 517 Roma

287 537 677 620 discesserit,
724 558 888 621 quae
933 537 1236 603 convenit
1278 559 1410 603 uno
1456 542 1750 622 tempore
1795 538 2075 622 undique
2121 540 2312 605 comi-

288 628 560 709 tiorum,
607 624 908 690 ludorum
953 624 1380 709 censendique
1425 647 1638 691 causa.
1726 624 1938 691 Huius
1982 624 2204 691 iudicii
2249 631 2314 691 et

239 738 269 782 s
294 714 507 780 laudis
542 676 835 778 'fructum
859 716 938 777 et
974 712 1348 778 offensionis
1383 713 1742 797 periculum
1776 717 2085 797 vestrum,
2129 713 2313 778 labo-

291 824 431 867 rem
459 800 1089 884 sollicitudinemque
1125 804 1440 884 nostram,
1477 801 1831 886 scientiam,
1869 801 2023 902 quid
2060 805 2314 888 agatur,

292 888 828 973 memoriamque,
893 887 1047 972 quid
1112 909 1152 952 a
1215 909 1472 973 quoque
1536 889 1778 954 dictum
1842 889 1955 972 sit,
2023 889 2312 955 omnium

288 982 451 1080 puto
499 998 640 1042 esse
686 980 1003 1061 oportere.
1093 973 1357 1042 Faciam
1401 975 1526 1041 hoc
1568 997 1703 1042 non
1744 998 2011 1061 novum,
2071 977 2185 1042 sed
2231 977 2313 1041 ab
2352 987 2415 1036 55

289 1066 398 1149 iis,
461 1065 574 1149 qui
637 1084 809 1129 nunc
868 1063 1192 1147 principes
1255 1068 1519 1129 nostrae
1578 1064 1864 1129 civitatis
1920 1068 2097 1148 sunt,
2161 1068 2313 1130 ante

210 1176 267 1217 ιο
290 1155 565 1236 factum,
619 1157 694 1217 ut
746 1151 1025 1216 testibus
1081 1154 1229 1216 utar
1285 1151 1538 1234 statim3
1592 1152 1757 1216 illud
1811 1173 1852 1215 a
1907 1173 2009 1217 me
2053 1172 2313 1234 novum,

291 1241 560 1323 iudices,
624 1239 1058 1326 cognoscetis,
1122 1238 1294 1322 quod
1346 1239 1443 1304 ita
1499 1243 1702 1304 testes
1758 1238 2178 1322 constituam,
2240 1243 2315 1303 ut

295 1328 539 1395 crimen
588 1331 803 1393 totum
850 1326 1191 1411 explicem,
1242 1326 1358 1390 ubi
1410 1326 1479 1390 id
1530 1326 2020 1413 [interrogando
2029 1328 2073 1409 ,]
2122 1347 2313 1409 argu-

294 1416 529 1482 mentis
566 1420 763 1500 atque
801 1414 1096 1480 oratione
1132 1414 1492 1498 firmaverO,
1534 1418 1677 1479 tum
1711 1417 1912 1479 testes
1951 1414 2035 1480 ad
2069 1414 2314 1480 crimen

294 1504 793 1582 accommodem,
836 1506 912 1568 ut
955 1502 1122 1567 nihil
1166 1501 1339 1566 inter
1382 1502 1569 1567 illam
1612 1502 1927 1568 usitatam
1963 1502 2312 1569 accusatio-

211 1612 265 1657 ιε
290 1615 441 1659 nem
477 1596 674 1677 atque
714 1592 884 1656 hanc
916 1612 1155 1655 novam
1189 1590 1469 1674 intersit,
1511 1589 1642 1654 nisi
1676 1591 1848 1675 quod
1882 1591 1955 1656 in
1988 1591 2107 1656 illa
2151 1594 2313 1675 tum,

290 1704 437 1748 cum
483 1680 703 1746 omnia
749 1679 923 1745 dicta
968 1682 1148 1761 sunt,
1191 1681 1396 1743 testes
1445 1678 1708 1762 dantur,
1752 1678 1861 1744 hic
1903 1678 1975 1743 in
2020 1679 2313 1764 singulas

290 1790 397 1834 res
466 1769 817 1851 dabuntur,
888 1769 963 1831 ut
1034 1765 1168 1830 illis
1245 1787 1499 1850 quoque
1572 1766 1796 1830 eadem
1865 1766 2315 1851 interrogandi

294 1856 602 1938 facultaS,
660 1853 1156 1941 argumentandi
1211 1851 1585 1938 dicendique
1642 1854 1746 1918 sit.
1847 1850 1917 1917 Si
1971 1853 2115 1937 quis
2172 1854 2314 1937 erit,

298 1943 412 2028 qui
464 1945 841 2028 perpetuam
900 1942 1261 2008 orationem
1317 1940 1919 2025 accusationemque
1978 1939 2314 2025 desideret,

213 2053 270 2094 ιο
298 2033 507 2098 altera
533 2032 785 2098 actione
813 2031 1057 2113 audiet3
1082 2051 1251 2095 nunc
1277 2029 1362 2113 id,
1390 2029 1562 2113 quod
1579 2028 1871 2111 facimus,
1897 2029 1955 2094 si
1970 2049 2049 2093 ea
2062 2028 2313 2094 ratione

293 2121 595 2205 facimus,
647 2123 723 2185 ut
778 2119 1070 2185 malitiae
1124 2117 1389 2182 illorum
1435 2115 1706 2182 consilio
1751 2119 1978 2182 nostro
2025 2137 2313 2182 occurra-

294 2232 456 2293 mus,
500 2208 864 2274 necessario
909 2207 1053 2272 fieri
1101 2206 1463 2291 intellegat.
1534 2204 1712 2271 Haec
1751 2205 2001 2290 primae
2039 2204 2313 2270 actionis
2350 2213 2420 2265 56

294 2298 419 2362 erit
465 2296 808 2362 accusatio,
881 2294 1173 2360 Dicimus
1220 2291 1288 2360 O.
1324 2292 1615 2378 Verrem,
1658 2316 1805 2361 cum
1851 2294 2061 2359 multa
2103 2291 2314 2358 libidi-

293 2407 470 2468 nose,
515 2384 725 2450 multa
767 2383 1112 2449 crudeliter
1155 2382 1225 2447 in
1269 2382 1440 2448 cives
1485 2381 1817 2449 Romanos
1854 2387 2049 2468 atque
2086 2382 2314 2466 socios,

213 2492 269 2535 2⁵
297 2473 507 2539 multa
559 2473 631 2537 in
684 2472 839 2537 deos
892 2470 1316 2554 hominesque
1358 2469 1604 2536 nefarie
1645 2469 1898 2556 fecerit,
1947 2476 2089 2537 tum
2133 2493 2314 2556 prae·

293 2567 475 2627 terea
502 2560 777 2645 quadrin
827 2560 1076 2624 entiens
1106 2558 1479 2623 sestertium
1509 2579 1586 2622 ex
1614 2556 1834 2624 Sicilia
1871 2563 2098 2625 contra
2133 2558 2313 2644 leges

296 2649 665 2715 abstulisse.
823 2669 899 2712 oc
952 2647 1260 2730 testibus,
1317 2646 1443 2710 hoc
1496 2647 1740 2711 tabulis
1785 2647 2060 2732 privatis
2103 2646 2313 2730 publi-

298 2736 517 2819 cisque
571 2735 1071 2802 auctoritatibus
1125 2733 1223 2799 ita
1274 2733 1463 2799 vobis
1515 2735 1785 2818 planum
1837 2734 2175 2815 faciemus,
2238 2737 2314 2798 ut

297 2823 423 2889 hoc
486 2825 819 2907 statuatis,
883 2822 1141 2888 etiamsi
1204 2822 1490 2906 spatium
1557 2821 1639 2886 ad
1693 2822 2030 2888 dicendum
2082 2825 2310 2885 nostro

213 2930 271 2972 8⁰
296 2912 636 2980 commodo
672 2932 1038 2996 vacuosque
1076 2909 1211 2974 dies
1246 2909 1718 2993 habuissemus,
1762 2913 1985 2976 tamen
2020 2908 2312 2975 oratione

296 2999 496 3086 longa
538 3000 706 3065 nihil
754 3021 916 3085 opus
960 2997 1179 3065 fuisse.
1269 2996 1441 3061 Dixi.

1098 3245 1521 3255 *m—
