2566 4016
308 243 437 307 286
912 241 990 295 IN
1029 240 1085 295 C.
1116 239 1425 294 VERREM
1460 240 1619 295 ACT.
1656 239 1723 293 n.

202 400 269 450 42
308 386 704 470 optimarum
767 406 842 450 ac
904 384 1263 469 principem
1327 383 1759 448 imitabuntur
1823 402 2064 447 omnes.
2167 382 2329 459 Quis

309 477 533 539 arator
586 477 652 537 te
705 476 1006 557 praetore
1062 472 1395 537 decumam
1452 471 1653 554 dedit,
1710 470 1854 553 quis
1910 470 2113 535 duas?
2181 472 2327 554 quis

306 584 441 628 non
477 562 760 628 maximo
799 583 868 626 se
906 560 1231 625 adfectum
1268 559 1579 624 beneficio
1617 558 1891 643 putavit,
1929 580 2076 623 cum
2111 559 2328 624 tribus

309 650 594 716 decumis
657 672 777 736 pro
836 671 967 713 una
1021 648 1505 733 defungeretur,
1569 651 1826 732 praeter
1880 667 2122 731 paucos
2132 697 2151 731 ,
2214 648 2328 731 qui

307 743 576 823 propter
613 739 989 803 societatem
1025 737 1352 801 furtorum
1388 739 1649 800 tuorum
1693 734 1860 799 nihil
1907 734 2176 799 omnino
2225 736 2328 799 de·
2355 753 2381 793 5

310 826 584 891 derunt‘?
667 825 860 908 Vide,
904 826 1077 889 inter
1114 824 1656 909 inportunitatem
1702 827 1885 887 tuam
1933 826 2327 908 senatusque

307 914 670 978 bonitatem
704 875 862 997 quid
897 913 1177 978 intersit.
1259 909 1538 976 Senatus
1586 934 1733 977 cum
1777 910 2183 996 temporibus
2231 913 2327 975 rei

305 1001 606 1086 publicae
642 1002 916 1087 cogitur,
959 1005 1034 1065 ut
1071 1001 1391 1084 decernat,
1434 1003 1510 1064 ut
1557 1000 1800 1064 alterae
1849 999 2154 1063 decumae
2188 1000 2328 1064 exi·

309 1093 574 1175 gantur,
619 1090 716 1154 ita
758 1089 1066 1173 decernit,
1111 1093 1187 1153 ut
1228 1109 1349 1174 pro
1395 1087 1499 1152 his
1548 1087 1831 1153 decumis
1854 1087 2150 1171 pecunia
2197 1089 2328 1152 sol-

307 1182 500 1243 vatur
527 1179 914 1260 aratoribus,
949 1181 1041 1261 ut,
1080 1176 1253 1261 quod
1279 1178 1430 1260 plus
1468 1176 1765 1258 sumitur,
1804 1196 2000 1258 quam
2037 1175 2328 1261 debetur,
2360 1194 2411 1234 ιο

308 1266 377 1330 id
414 1267 559 1351 emi,
603 1289 737 1332 non
775 1265 1014 1331 auferri
1049 1269 1344 1350 putetur3
1388 1268 1463 1328 tu
1508 1286 1654 1328 cum
1697 1266 1802 1328 tot
1850 1263 2150 1328 decumas
2195 1284 2329 1328 11011

312 1359 575 1419 senatus
641 1356 967 1436 consulto,
1031 1353 1143 1417 sed
1204 1353 1393 1418 novis
1454 1352 1680 1416 edictis
1739 1351 1874 1416 tuis
1931 1350 2328 1435 nefariisque

309 1442 631 1506 institutis
705 1443 997 1527 exigeres
1070 1445 1137 1506 et
1209 1442 1516 1524 eriperes,
1589 1460 1899 1525 magnum
1961 1442 2029 1503 te
2098 1439 2327 1503 fecisse

311 1528 656 1610 arbitrare,
722 1529 780 1592 si
840 1529 1047 1611 pluris
1109 1527 1474 1592 vendideris
1541 1549 1735 1611 quam
1793 1526 1864 1591 L.
1915 1525 2328 1611 HortensiuS,

307 1619 495 1698 pater
547 1579 737 1680 istius
789 1614 864 1692 Q.
900 1615 1240 1698 Hortensi,
1298 1637 1491 1698 quam
1549 1614 1664 1679 Cn.
1700 1614 2073 1698 Pompeius,
2130 1637 2323 1699 quam
2360 1631 2411 1673 1⁵

311 1703 380 1770 O.
416 1703 764 1770 Marcellus
772 1753 790 1787 ,
836 1704 947 1787 qui
993 1704 1076 1769 ab
1123 1702 1479 1787 aequitate,
1523 1703 1606 1767 ab
1653 1704 1828 1789 lege,
1874 1702 1957 1767 ab
2000 1702 2325 1769 institutis

307 1813 441 1859 11011
485 1793 933 1858 recesserunt?

204 1888 270 1938 48
442 1881 549 1946 An
583 1881 708 1946 tibi
744 1880 934 1945 unius
974 1880 1126 1946 anni
1171 1883 1283 1944 aut
1330 1879 1576 1944 biennii
1618 1879 1790 1943 ratio
1835 1878 1963 1944 fuit
2006 1879 2326 1963 habenda,

310 1972 486 2037 salus
533 1969 918 2055 provinciae,
964 1967 1304 2036 commoda
1348 1967 1443 2033 rei
1486 1966 1967 2053 frumentariae,
2010 1967 2184 2034 ratio
2232 1969 2328 2035 rei

307 2059 606 2143 publicae
660 2060 731 2123 in
781 2058 1233 2144 posteritatem
1288 2057 1416 2122 fuit
1467 2056 1917 2142 neglegenda?
1982 2078 2129 2122 cum
2186 2079 2326 2122 rem
2356 2073 2412 2114 ²⁰

305 2148 404 2212 ita
441 2147 867 2212 constitutam
905 2146 1280 2228 accepisses,
1325 2149 1401 2210 ut
1437 2148 1503 2208 et
1537 2144 1780 2229 populo
1818 2144 2112 2209 Romano
2162 2145 2327 2209 satis

305 2234 617 2299 frumenti
655 2255 732 2297 ex
768 2231 990 2297 Sicilia
1026 2232 1549 2315 suppeditaretur
1586 2237 1652 2296 et
1687 2232 2055 2298 aratoribus
2102 2237 2330 2298 tamen

308 2343 493 2386 arare
531 2324 726 2402 atque
764 2340 957 2404 agros
997 2319 1206 2383 colere
1243 2319 1590 2403 expediret,
1637 2320 1791 2405 quid
1836 2320 2123 2404 effecisti,
2171 2321 2330 2405 quid

308 2410 648 2474 adsecutus
725 2406 837 2470 es‘?
934 2404 1029 2470 Ut
1091 2407 1335 2490 populo
1400 2406 1695 2472 Romano
1758 2408 1974 2474 nescio
2039 2408 2196 2492 quid
2260 2412 2329 2474 te

306 2497 607 2580 praetore
662 2493 745 2558 ad
799 2493 1098 2558 decumas
1155 2495 1510 2579 accederet,
1567 2495 1947 2561 deserendas
1993 2496 2326 2562 arationes
2357 2511 2413 2553 2⁵

306 2581 887 2666 relinquendasque
952 2583 1211 2647 curasti.
1314 2581 1636 2648 Successit
1697 2583 1821 2648 tibi
1879 2583 1949 2649 L.
1998 2583 2327 2649 Metellus.

308 2670 408 2736 Tu
460 2670 867 2736 innocentior
919 2693 1113 2754 quam
1157 2670 1462 2736 Metellus
1472 2721 1490 2755 ,
1543 2675 1618 2735 tu
1671 2672 1877 2736 laudis
1936 2675 2002 2736 et
2053 2672 2327 2737 honoris

309 2758 643 2845 cupidior?
705 2758 830 2823 tibi
885 2759 1056 2824 enim
1110 2760 1486 2824 consulatus
1538 2759 1994 2844 quaerebatur,
2054 2759 2327 2825 Metello

307 2852 618 2932 paternus
646 2847 856 2912 honos
886 2852 952 2912 et
989 2847 1202 2913 avitus
1237 2847 1726 2932 neglegebatur.
1800 2846 2011 2912 Multo
2050 2847 2326 2913 minoris

308 2936 597 3002 vendidit
631 2957 764 3001 non
800 2936 992 3001 modo
1032 2957 1227 3019 quam
1262 2938 1355 3018 tu,
1402 2934 1515 2998 sed
1552 2935 1748 2999 etiam
1789 2956 1983 3019 quam
2020 2936 2132 3019 qui
2169 2940 2327 3000 ante
2355 2952 2416 2992 ⁸⁰

207 3023 286 3087 17
309 3029 376 3090 te
430 3024 871 3090 vendiderunt.
972 3023 1225 3099 Quaero
1234 3073 1253 3107 ,
1318 3022 1375 3086 si
1427 3022 1567 3106 ipse
1622 3023 1990 3108 excogitare
2034 3044 2169 3087 non
2213 3045 2328 3107 po·

308 3117 551 3195 tuerat,
610 3134 801 3196 quem
848 3110 931 3176 ad
975 3111 1237 3175 modum
1287 3132 1480 3211 quam
1526 3110 1810 3194 plurimo
1857 3110 2188 3195 venderet,
2241 3133 2329 3177 ne

307 3205 425 3266 tua
475 3200 747 3301 ‘quidem
802 3199 1084 3265 recentia
1138 3197 1437 3283 proxumi
1488 3198 1808 3281 praetoris
1854 3199 2137 3284 vestigia
2181 3220 2327 3300 per-

309 3288 494 3371 sequi
547 3291 830 3370 poterat,
885 3291 960 3350 ut
1013 3286 1145 3350 tuis
1198 3286 1551 3370 praeclaris
1607 3286 1724 3350 abs
1777 3290 1845 3350 te
1894 3287 2184 3369 principe
2229 3287 2328 3350 in-

308 3375 521 3437 ventis
560 3377 627 3438 et
672 3374 1057 3458 excogitatis
1106 3373 1331 3438 edictis
1379 3377 1575 3457 atque
1619 3373 1938 3438 institutis
1985 3375 2325 3439 uteretur?
2356 3388 2417 3430 ³⁵

202 3467 272 3514 44
312 3453 434 3519 Ille
470 3479 622 3522 vero
660 3465 802 3524 tum
847 3481 915 3523 se
961 3460 1226 3524 minime
1262 3460 1601 3525 Μο101111111
1645 3458 1785 3523 fore
1830 3460 2106 3544 putavit,
2153 3461 2211 3525 si
2254 3465 2333 3525 te

308 3540 447 3603 ulla
499 3543 568 3604 in
620 3566 692 3607 re
745 3546 1040 3610 imitatus
1097 3551 1295 3629 esset3
1350 3546 1461 3628 qui
1515 3546 1597 3610 ab
1654 3546 1812 3610 urbe
1857 3547 2093 3631 Roma,
2149 3548 2329 3631 quod
