2566 4016
937 220 1088 276 CAP.
1129 229 1266 278 e-s
1304 228 1335 288 ς
1371 228 1598 278 27-33.
2234 229 2277 292 9

258 364 415 431 Non
459 365 805 430 recusabat
850 363 1214 449 Quinctiae,
1260 366 1419 450 quin
1462 367 1559 431 ita
1604 367 1766 432 satis
1812 368 1964 434 dare
2007 370 2279 454 iuberet,

265 453 322 518 si
376 453 546 517 bona
598 473 903 538 possessa
956 457 1172 517 essent
1226 475 1306 518 ex
1359 454 1587 520 edicto.
1685 454 1991 521 Decernit
2054 453 2279 541 (quam

263 562 568 625 aequum,
621 539 790 604 nihil
838 540 1007 624 dico,
1059 562 1261 607 unum
1305 541 1430 608 hoc
1475 542 1644 608 dico:
1707 564 1975 626 novum3
2037 547 2104 609 et
2155 546 2281 613 hoc

259 629 477 713 ipsum
521 628 802 694 tacuisse
847 629 1141 712 mallem,
1187 630 1495 713 quoniam
1537 634 1885 716 utrumque
1930 632 2143 716 quivis
2187 633 2281 697 in-

204 743 230 783 5
259 717 573 802 tellegere
636 714 910 802 potuit),
956 717 1069 781 sed
1107 718 1289 783 iubet
1332 715 1405 783 P.
1450 718 1818 794 Quinctium
1865 720 2280 805 sponsionem

259 827 408 871 cum
482 801 622 869 Sex.
682 802 931 870 Naevio
992 805 1232 871 facere:
1296 823 1359 871 s1
1419 823 1612 873 BONA
1670 825 1798 873 SUA
1861 826 1958 874 nx
2019 825 2279 875 Emc'ro

258 911 316 958 Ρ.
335 909 672 957 mmmmm
692 908 1078 959 PRAETORIS
1107 911 1272 959 Dms
1298 913 1445 959 xxx
1471 913 1804 962 PossnssA
1827 912 1975 962 NON
2002 913 2279 964 ESSENT.

256 981 692 1062 Recusabant,
738 980 850 1064 qui
895 980 1164 1047 aderant
1207 985 1350 1047 tum
1377 981 1696 1067 Quinctio,
1742 983 2280 1051 demonstrabant

260 1070 338 1134 de
384 1091 455 1133 re
497 1068 806 1133 iudicium
850 1069 993 1133 fieri
1037 1074 1356 1155 oportere,
1399 1075 1475 1136 ut
1521 1076 1634 1137 aut
1676 1075 1947 1156 uterque
1991 1073 2164 1138 inter
2210 1095 2280 1138 se

185 1182 234 1223 ιο
263 1160 378 1222 aut
419 1160 653 1221 neuter
696 1156 859 1221 satis
905 1156 1116 1240 daret3
1159 1179 1294 1223 non
1334 1180 1595 1224 necesse
1641 1180 1782 1224 esse
1825 1158 2071 1228 famam
2117 1161 2281 1225 alte-

262 1245 400 1309 rius
435 1246 506 1309 in
539 1244 846 1309 iudicium
882 1245 1118 1310 venire.
1176 1244 1523 1311 Clamabat
1548 1267 1744 1329 porro
1770 1247 1913 1330 ipse
1939 1245 2279 1322 Quinctius
2315 1268 2382 1319 ει

266 1354 406 1396 sese
458 1332 697 1397 idcirco
749 1333 926 1397 nolle
986 1332 1147 1398 satis
1202 1332 1383 1417 dare,
1444 1355 1525 1398 ne
1580 1333 1907 1399 videretur
1958 1334 2278 1401 iudicasse

262 1421 435 1486 bona
490 1442 608 1485 sua
660 1442 741 1485 ex
793 1421 1005 1486 edicto
1055 1442 1360 1505 possessa
1404 1443 1571 1505 esse3
1625 1422 2036 1507 sponsionem
2081 1445 2278 1508 porro

262 1509 320 1574 si
381 1509 573 1573 istius
638 1508 814 1572 modi
875 1507 1146 1592 faceret,
1201 1531 1296 1593 se,
1341 1510 1410 1573 id
1455 1510 1628 1594 quod
1678 1532 1849 1576 nunc
1903 1511 2145 1595 evenit,
2201 1513 2278 1578 de

183 1621 234 1661 ιε
262 1597 477 1682 capite
505 1618 624 1662 suo
651 1596 868 1681 priore
896 1597 1039 1662 loco
1068 1619 1333 1662 causam
1359 1620 1501 1663 esse
1528 1599 1867 1664 dicturum.
1929 1598 2280 1666 Dolabella

262 1682 486 1770 (quem
533 1685 614 1749 ad
668 1685 930 1749 modum
986 1685 1212 1750 solent·
1252 1687 1549 1751 homines
1602 1687 1882 1770 nobiles3
1938 1708 2052 1752 seu
2105 1692 2279 1753 recte

263 1795 380 1837 seu
408 1794 746 1858 perperam
773 1772 986 1838 facere
1013 1778 1379 1858 coeperunt,
1414 1774 1512 1840 ita
1537 1775 1607 1840 in
1633 1778 1908 1858 utroque
1942 1775 2282 1857 excellunt,

263 1864 343 1924 ut
394 1882 582 1925 nemo
633 1864 860 1925 nostro
914 1862 1055 1925 loco
1108 1865 1304 1926 natus
1366 1862 1624 1945 assequi
1684 1860 1924 1945 possit)
1977 1861 2281 1926 iniuriam

265 1948 480 2013 facere
521 1947 874 2014 fortissime
919 1951 1319 2033 perseverat3
1366 1953 1478 2015 aut
1523 1949 1685 2013 satis
1731 1948 1882 2014 dare
1930 1951 2044 2013 aut
2091 1969 2279 2033 spon-

178 2060 238 2101 so
265 2037 515 2101 sionem
557 2038 739 2101 iubet
782 2036 1012 2120 facere,
1057 2041 1124 2101 et
1167 2037 1419 2101 interea
1464 2039 1833 2101 recusantes
1877 2039 2139 2101 nostros
2177 2037 2283 2103 ad-

262 2128 532 2190 vocatos
579 2125 886 2190 acerrime
934 2125 1321 2190 submoveri.

398 2211 840 2279 Conturbatus
878 2233 1034 2277 sane
1071 2212 1342 2278 discedit
1378 2210 1741 2295 Quinctius3
1776 2232 1986 2296 neque
2027 2212 2281 2297 mirum,
2318 2194 2387 2321 {2

262 2300 368 2365 cui
402 2301 564 2366 haec
609 2301 793 2386 optio
835 2304 974 2365 tam
1021 2300 1258 2366 misera
1302 2305 1566 2384 tamque
1612 2299 1835 2384 iniqua
1880 2300 2160 2385 daretur,
2205 2306 2282 2367 ut

264 2393 380 2454 aut
432 2390 572 2475 ipse
628 2411 698 2454 se
752 2389 987 2473 capitis
1043 2389 1407 2472 damnaret,
1468 2388 1524 2452 si
1580 2388 1740 2452 satis
1795 2387 2104 2474 dedisset,
2168 2395 2283 2456 aut

181 2498 236 2540 25
264 2498 529 2543 causam
575 2477 827 2563 capitis,
873 2477 930 2541 si
965 2477 1391 2560 sponsionem
1434 2475 1713 2560 fecisset,
1757 2476 1973 2561 priore
2010 2480 2152 2544 loco
2193 2478 2284 2542 di-

263 2569 457 2630 ceret.
529 2563 691 2632 Cum
728 2565 799 2629 in
834 2565 1043 2630 altera
1076 2585 1148 2629 re
1184 2586 1416 2630 causae
1461 2563 1624 2629 nihil
1671 2567 1860 2647 esset,
1905 2566 2065 2649 quin
2099 2586 2282 2631 secus

262 2653 579 2718 iudicaret
633 2654 772 2738 ipse
819 2653 896 2718 de
944 2674 1040 2736 se,
1092 2652 1264 2736 quod
1309 2651 1614 2718 iudicium
1662 2652 2117 2738 gravissimum
2165 2657 2283 2736 est,

263 2741 334 2805 in
390 2741 600 2807 altera
654 2762 799 2826 spes
856 2745 1029 2806 esset
1083 2740 1165 2805 ad
1218 2741 1423 2805 talem
1476 2745 1699 2805 tamen
1751 2738 1962 2804 virum
2008 2739 2281 2805 iudicem

262 2829 580 2912 veniendi,
625 2828 793 2895 unde
839 2850 915 2894 eo
960 2829 1109 2913 plus
1156 2828 1300 2913 opis
1346 2828 1646 2911 auferret,
1693 2849 1820 2911 quo
1866 2828 2078 2892 minus
2116 2830 2284 2891 attu-

180 2936 236 2979 so
264 2917 453 2982 lisset
500 2918 777 3003 gratiae,
824 2917 1239 3002 sponsionem
1281 2915 1494 2982 facere
1541 2915 1800 2998 maluit;
1844 2915 2025 2997 fecit3
2080 2917 2147 2978 te
2193 2914 2285 2980 iu-

265 3005 499 3089 dicem,
555 3004 623 3070 O.
668 3005 921 3090 Aquili,
986 3002 1292 3090 sumpsit,
1356 3027 1434 3069 ex
1487 3025 1728 3090 sponso
1784 3002 1938 3088 egit.
2026 3001 2106 3066 In
2160 3002 2286 3069 hoc

263 3114 521 3158 summa
564 3093 785 3158 iudicii
831 3115 1152 3177 causaque
1195 3096 1342 3158 tota
1385 3092 1702 3158 consistit.

440 3180 757 3247 Iudicium
794 3202 952 3266 esse,
988 3179 1057 3246 O.
1084 3181 1328 3265 Aquili,
1364 3202 1496 3246 non
1531 3181 1609 3245 de
1646 3201 1715 3243 re
1747 3177 2135 3263 pecuniaria,
2172 3178 2284 3244 sed
2320 3202 2389 3252 33

245 3269 340 3353 ‘de
394 3269 575 3335 fama
631 3270 1041 3354 fortunisque
1084 3269 1155 3334 P.
1202 3268 1465 3344 Quincti
1507 3267 1706 3333 videS.
1797 3264 1962 3331 Cum
2005 3266 2283 3333 maiores

177 3374 232 3417 ⁸5
258 3357 357 3423 ita
385 3358 863 3440 constituerint,
897 3361 990 3438 ut,
1028 3357 1139 3441 qui
1165 3378 1285 3442 pro
1315 3356 1527 3441 capite
1557 3355 1813 3437 diceret,
1840 3352 1898 3417 is
1925 3355 2286 3439 posteriore

258 3446 407 3514 loco
465 3447 732 3529 diceret,
794 3466 914 3510 nos
967 3445 1261 3509 inaudita
1325 3443 1774 3508 criminatione
1839 3447 2284 3510 accusatorum

255 3535 479 3620 priore
524 3536 668 3601 loco
716 3555 980 3599 causam
1027 3533 1235 3598 dicere
1279 3531 1629 3616 intellegis.
1718 3530 1853 3597 Eos
1897 3553 2094 3616 porro
2110 3582 2126 3614 ,
2174 3532 2285 3615 qui
