2566 4016
736 223 870 276 ΜΒ.
908 224 987 278 111
1045 225 1201 285 CAP.
1240 232 1450 282 12-—14
1487 233 1517 292 5
1556 235 1782 284 31—37.
2140 228 2269 293 283

249 367 510 455 possit?
595 366 781 432 ‘Non
817 368 1062 432 malum
1109 368 1261 452 est',
1304 369 1544 454 inquit,
1592 370 1765 435 ‘esse
1809 371 2007 435 istam
2050 370 2270 436 formi-

251 458 494 539 dinem,
552 459 654 540 ut,
711 476 858 519 cum
917 459 1214 521 exactum
1271 457 1359 522 sit
1414 459 1497 523 ab
1550 462 1835 542 aratore,
1887 463 2135 541 tamen,
2187 481 2269 524 ne

251 567 317 610 se
365 546 804 626 commoveat,
849 544 1136 626 reliquus
1184 549 1396 610 metus
1442 546 1660 611 iudicii
1708 545 1834 610 sit?
1918 544 1988 611 Si
2032 547 2265 612 iudicio

250 634 348 697 vis
408 654 447 696 a
504 651 607 696 me
663 631 947 716 exigere,
1011 654 1269 697 remove
1317 631 1605 698 Siculum
1659 635 2146 719 magistratum3
2211 635 2267 699 si

200 737 228 778 ⁶
252 721 420 785 hanc
456 719 590 783 vim
628 718 916 802 adhibes,
963 719 1117 803 quid
1155 742 1318 805 opus
1367 726 1467 786 est
1511 721 1792 787 iudicio‘?
1866 720 2023 797 Quis
2069 742 2265 805 porro

253 808 392 890 erit,
432 806 587 890 quin
615 806 808 871 malit
844 807 1211 872 decumanis
1249 809 1381 873 tuis
1420 809 1589 893 dare,
1628 810 1798 893 quod
1833 809 2266 894 poposcerint,

251 917 443 980 quam
493 895 575 959 ab
625 894 942 959 adseculis
988 895 1120 960 tuis
1167 897 1528 981 quadruplo
1576 897 2033 962 condemnari?

378 982 507 1046 Illa
561 1002 715 1047 vero
771 982 1109 1066 praeclara
1154 988 1255 1048 est
1302 986 1593 1050 clausula
1639 985 1859 1068 edicti,
1914 985 2087 1069 quod
2133 1006 2264 1049 om·
2288 968 2372 1092 13}

246 1071 427 1136 nium
470 1070 1088 1155 controversiarum,
1134 1094 1299 1155 quae
1346 1077 1563 1137 essent
1606 1073 1778 1137 inter
1824 1077 2150 1137 aratorem
2199 1076 2266 1136 et

173 1177 223 1217 ιο
249 1160 702 1240 decumanum,
751 1157 808 1221 si
843 1162 989 1223 uter
1033 1160 1221 1243 velit,
1268 1161 1463 1225 edicit
1510 1182 1578 1226 se
1623 1164 2111 1245 recuperatores
2157 1160 2264 1224 da-

248 1252 484 1311 turum.
574 1245 864 1310 Primum
922 1267 1086 1329 quae
1140 1251 1362 1331 potest
1408 1270 1549 1312 esse
1595 1247 2064 1329 controversia,
2118 1269 2263 1311 cum

252 1335 334 1416 is,
381 1332 494 1418 qui
527 1337 747 1418 petere
786 1333 977 1398 debet
986 1384 1003 1416 ,
1050 1334 1290 1419 aufert,
1337 1340 1403 1399 et
1449 1357 1595 1401 cum
1639 1336 1724 1420 is,
1768 1357 1902 1400 non
1948 1340 2264 1420 quantum

249 1422 542 1505 debetur,
616 1421 728 1486 sed
792 1427 1107 1505 quantum
1170 1424 1580 1489 commodum
1646 1429 1772 1508 est,
1846 1422 2087 1507 aufert,
2149 1423 2264 1486 ille

248 1514 491 1593 autem,
551 1509 722 1574 unde
787 1510 1082 1575 ablatum
1147 1514 1275 1595 est,
1337 1512 1573 1578 iudicio
1635 1533 1823 1577 suum
1883 1531 2263 1596 recuperare

170 1613 220 1655 15
245 1599 428 1673 nullo
459 1597 651 1662 modo
688 1598 953 1682 potest‘?
1024 1598 1274 1663 Deinde
1309 1599 1381 1663 in
1413 1601 1539 1665 hoc
1574 1600 1771 1665 homo
1807 1600 2024 1664 luteus
2064 1599 2264 1664 etiam

245 1686 515 1752 callidus
573 1708 649 1750 ac
702 1689 1032 1751 veterator
1085 1706 1227 1751 esse
1281 1688 1453 1771 vult,
1509 1688 1681 1771 quod
1734 1688 1831 1752 ita
1878 1687 2131 1751 scribit:
2189 1683 2261 1749 81

244 1791 431 1838 uma
491 1790 751 1857 VOLET,
813 1791 1401 1840 REGUPERA'rossus
1466 1792 1674 1840 DABo.
1778 1772 1986 1849 Quam
2050 1772 2262 1854 lepide

249 1881 317 1925 se
361 1860 567 1924 furari
611 1862 830 1944 putat!
893 1861 1152 1944 utrique
1196 1861 1359 1926 facit
1403 1865 1826 1946 potestatem,
1884 1861 1997 1925 sed
2041 1863 2260 1924 utrum

246 1949 343 2014 ita
380 1947 737 2033 scripserit:
786 1947 867 2013 ‘si
903 1952 1048 2014 uter
1084 1947 1283 2014 volet'
1325 1971 1434 2013 an:
1482 1948 1562 2015 ‘si
1604 1948 1994 2014 decumanus
2040 1946 2261 2030 volet',

167 2052 220 2094 20
245 2037 411 2102 nihil
474 2037 774 2124 interest3
839 2041 1060 2102 arator
1124 2038 1295 2101 enim
1351 2041 1501 2103 tuos
1553 2037 1718 2102 istos
1774 2040 2259 2120 recuperatores

243 2147 600 2208 numquam
646 2125 844 2190 volet.

379 2213 589 2288 Quid?
653 2213 772 2277 illa
817 2213 996 2278 cuius
1043 2212 1219 2277 modi
1266 2217 1443 2296 sunt,
1501 2235 1664 2297 quae
1712 2234 1789 2277 ex
1834 2216 2129 2295 tempore
2176 2211 2260 2275 ab

245 2300 539 2384 Apronio
586 2300 953 2365 admonitus
1000 2300 1242 2365 edixit?
1334 2299 1406 2377 Q.
1446 2299 1754 2386 SepticiO,
1799 2299 2259 2365 honestissimo

245 2387 463 2471 equite
516 2387 840 2474 Romano,
904 2389 1247 2453 resistente
1293 2388 1586 2473 Apronio
1644 2394 1710 2454 et
1765 2389 2135 2454 affirmante
2192 2408 2260 2452 se

160 2491 216 2533 2⁵
243 2475 392 2560 plus
432 2476 699 2542 decuma
736 2498 871 2541 non
910 2476 1230 2559 daturum,
1276 2478 1565 2542 exoritur
1609 2478 1932 2563 peculiare
1980 2476 2261 2541 edictum

242 2566 679 2650 repentinum,
723 2586 817 2629 ne
854 2564 1025 2648 quis
1063 2563 1532 2629 frumentum
1580 2566 1666 2629 de
1712 2588 1891 2630 area
1934 2566 2260 2629 tolleret

241 2656 451 2734 ante,
499 2674 721 2735 quam
767 2674 931 2717 cum
979 2651 1392 2716 decumano
1439 2656 1713 2738 pactus
1760 2656 1983 2717 esset.
2074 2650 2259 2714 Fere·

241 2737 364 2800 bat
416 2736 587 2803 hanc
643 2742 897 2823 quoque
951 2740 1366 2823 iniquitatem
1414 2738 1733 2824 Septicius
1781 2743 1846 2804 et
1891 2738 2087 2803 imbri
2131 2737 2260 2801 fru—

242 2825 539 2888 mentum
575 2827 901 2910 corrumpi
944 2827 1015 2891 in
1060 2849 1211 2893 area
1255 2828 1647 2912 patiebatur,
1692 2849 1839 2892 cum
1883 2825 2048 2891 illud
2094 2824 2260 2888 edic-

153 2930 214 2971 so
243 2915 390 2976 tum
426 2916 693 2995 repente
729 2913 1125 2979 uberrimum
1164 2920 1230 2980 et
1271 2915 1918 2999 quaestuosissimum
1955 2912 2260 2995 nascitur,

240 3004 328 3064 ut
387 3002 564 3063 ante
614 2997 1006 3065 Kalendas
1062 3000 1391 3068 Sextilis
1448 3023 1704 3067 omnes
1762 3002 2112 3067 decumas
2170 3000 2260 3064 ad

240 3109 516 3171 aquam
595 3087 1054 3171 deportatas
1125 3091 1523 3155 haberent.
1629 3089 1774 3154 Hoc
1848 3089 2054 3153 edicto
2126 3108 2259 3152 non

238 3173 445 3240 Siculi
483 3173 664 3260 (nam
702 3196 813 3240 eos
852 3176 1109 3259 quidem
1152 3179 1593 3263 superioribus
1642 3178 1867 3242 edictis
1915 3176 2075 3241 satis
2120 3198 2258 3259 per-

241 3264 497 3328 diderat
536 3268 732 3349 atque
771 3260 1141 3349 afflixerat),
1187 3266 1300 3330 sed
1343 3266 1458 3330 isti
1503 3265 1632 3350 ipsi
1678 3264 1926 3348 equites
1962 3264 2258 3346 Romani,

147 3367 207 3409 ⁸⁶
239 3351 356 3435 qui
394 3373 582 3417 suum
618 3353 721 3417 ius
758 3352 1036 3416 retinere
1075 3372 1144 3415 se
1180 3356 1409 3417 contra
1436 3354 1797 3437 Apronium
1836 3374 2026 3435 posse
2073 3358 2258 3418 erant

237 3439 576 3524 arbitrati,
632 3440 952 3526 splendidi
1003 3439 1299 3505 homines
1348 3445 1413 3505 et
1459 3441 1607 3506 aliis
1653 3441 2065 3526 praetoribus
2112 3463 2257 3528 gra·

234 3526 421 3607 tiosi,
487 3529 690 3595 vincti
752 3529 1046 3615 Apronio
1109 3529 1337 3593 traditi
1400 3533 1568 3595 sunt.
1636 3530 2005 3596 ,Attendite
2069 3532 2260 3615 enim,

2296 2235 2366 2284 36

2296 3110 2364 3159 37
