2566 4016
349 234 482 298 474
750 219 772 229 ’
954 232 1036 286 IN
1072 231 1130 287 0.
1159 231 1468 293 VERREM
1504 230 1661 285 Aer.
1697 231 1767 289 11.
1818 266 1823 271 .

349 399 495 442 rum
550 375 764 462 operis
820 397 895 441 ac
944 373 1282 445 laboribus
1330 375 1687 459 quaeritur,
1744 374 1856 460 qui
1900 396 1942 443 a
1983 374 2361 458 parentibus

352 487 465 550 spe
500 464 713 530 nostri
748 464 1005 549 imperii
1047 468 1437 548 nostraeque
1483 462 1835 547 aequitatis
1883 463 2169 546 suscepti
2214 463 2363 532 edu·

295 558 300 561 ’
349 554 606 637 catique
661 556 838 636 sunt,
892 553 975 619 ad
1029 549 1099 616 O.
1135 551 1363 621 Verris
1415 551 1735 616 nefariam
1788 550 2246 623 inmanitatem
2298 555 2364 615 et

246 646 347 697 124
385 642 468 707 ad
504 641 640 706 eius
674 640 1003 709 funestam
1039 661 1328 741 securem
1362 661 1505 707 esse
1542 639 1880 711 servatos?
1954 637 2166 715 Quom
2202 638 2364 703 mihi

348 729 774 814 Tyndaritani
825 728 1004 793 illius
1056 728 1236 797 venit
1279 728 1351 793 in
1395 731 1705 810 mentem,
1760 748 1957 810 quom
2001 724 2364 812 Segestani,
2386 745 2409 785 ε

346 818 536 884 tum
517 839 661 883 iura
688 817 883 885 simul
908 816 1249 886 civitatum
1282 819 1479 899 atque
1515 814 1732 883 officia
1767 815 2123 887 considero
2189 813 2364 890 Quas

346 907 543 973 urbes
569 904 640 971 P.
658 904 1009 973 Africanus
1037 904 1235 975 etiam
1267 903 1590 973 ornandas
1627 924 1768 969 esse
1807 903 2034 987 spoliis
2070 901 2365 977 hostium

346 994 705 1060 arbitratus
770 997 898 1076 est,
960 1013 1068 1059 eas
1124 991 1193 1057 C.
1233 989 1473 1061 Verres
1525 1012 1659 1059 non
1712 991 1926 1063 solum
1978 990 2116 1061 illis
2176 1011 2368 1059 orna-

344 1081 618 1164 mentis,
674 1080 788 1147 sed
850 1043 1051 1149 e⁷tiam
1110 1079 1269 1145 viris
1331 1079 1759 1156 nobilissimis
1816 1078 2066 1149 nefario
2123 1080 2368 1145 scelere

344 1169 649 1254 privavit.
736 1167 867 1254 En,
924 1168 1096 1252 quod
1150 1167 1578 1250 Tyndaritani
1629 1166 1910 1235 libenter
1962 1165 2368 1250 praedicent:
2393 1185 2432 1225 ιο

348 1257 536 1323 Nos
600 1258 682 1323 in
743 1255 1291 1341 septemdecim
1352 1255 1666 1340 populis
1728 1252 2047 1325 Siciliae
2110 1276 2371 1323 nume-

344 1367 632 1428 ramur,
667 1365 806 1411 nos
844 1365 1146 1428 semper
1183 1343 1535 1413 omnibus
1571 1341 1886 1411 Punicis
1924 1339 2373 1413 Siciliensi-

344 1434 639 1516 busque
694 1432 931 1496 bellis
988 1430 1411 1501 amicitiam
1464 1430 1852 1514 fidemque
1905 1430 2183 1515 populi
2226 1431 2374 1497 Ro-

345 1520 548 1586 mani
620 1519 869 1585 secuti
940 1539 1226 1602 sumus,
1298 1540 1338 1583 a
1407 1519 1634 1585 nobis
1704 1518 2010 1599 [omnia]
2074 1520 2372 1604 populo

342 1607 681 1673 Romano
716 1627 1019 1691 semper
1055 1609 1131 1673 et
1166 1605 1363 1675 belli
1401 1606 1844 1677 adiumenta
1879 1609 1956 1670 et
1988 1607 2214 1691 pacis
2252 1629 2375 1672 or·
2400 1624 2441 1666 1⁸

342 1699 705 1762 namenta
750 1694 1208 1763 ministrata
1254 1693 1474 1759 sunt?
1545 1693 1829 1763 Multum
1871 1712 2025 1763 vero
2073 1693 2246 1760 11800
2292 1696 2377 1761 118

243 1797 343 1848 125
379 1783 524 1850 iura
550 1783 935 1868 profuerunt
961 1783 1032 1849 in
1056 1783 1245 1851 istius
1275 1782 1548 1867 imperio
1579 1803 1654 1848 80
1679 1782 2036 1866 potestate!
2086 1781 2377 1848 Vestros

346 1872 673 1955 quondam
717 1874 953 1938 nautas
1000 1874 1230 1939 eontra
1265 1868 1732 1955 Carthaginem
1779 1869 1994 1954 Scipio
2043 1869 2256 1954 duxit,
2308 1875 2379 1937 at

342 1981 515 2026 nunc
539 1980 774 2027 navem
802 1962 1030 2030 contra
1057 1957 1414 2042 praedones
1451 1979 1656 2043 paene
1691 1958 1952 2030 inanem
1979 1955 2381 2026 Cleomenes

345 2047 550 2131 ducit3
602 2048 939 2116 vobiscum
972 2046 1320 2115 Africanus
1365 2047 1653 2114 hostium
1700 2046 1913 2131 spolia
1956 2050 2024 2114 et
2068 2049 2382 2131 praemia
2402 2067 2445 2107 ιι

343 2135 555 2203 laudis
583 2135 1103 2219 communicavit,
1140 2140 1211 2201 at
1240 2156 1412 2202 nune
1442 2134 1490 2216 †
1520 2156 1637 2218 per
1674 2156 1776 2203 me
1813 2134 2083 2219 spoliati
2115 2157 2304 2206 nave
2342 2160 2384 2202 a

342 2221 778 2308 praedonibus
825 2223 1110 2292 abducta
1149 2223 1279 2307 ipsi
1321 2223 1393 2291 111
1434 2222 1727 2291 hostium
1771 2223 1916 2292 loco
1946 2239 2383 2309 numeroque

342 2310 702 2377 ducimini.
761 2309 931 2385 Quid
982 2310 1181 2378 vero?
1235 2310 1362 2380 1118
1394 2308 1914 2396 Segestanorum
1965 2332 2099 2386 11011
2149 2313 2384 2379 80111111

339 2399 582 2464 litteris
617 2398 864 2464 tradita
896 2418 1104 2480 neque
1142 2402 1648 2468 commemorata
1691 2398 1928 2483 verbis,
1973 2398 2087 2466 sed
2133 2401 2384 2466 multis

341 2485 572 2550 officiis
609 2485 874 2553 illorum
910 2490 1224 2570 usurpata
1259 2490 1328 2552 et
1372 2486 1797 2587 comprobata
1841 2479 2152 2572 cognatio
2203 2510 2383 2571 quos
2407 2506 2449 2547 s

338 2572 605 2662 tandem
630 2573 882 2640 fruetus
918 2572 1185 2640 huiusce
1220 2574 1769 2644 necessitudinis
1750 2596 1820 2642 m
1854 2574 2045 2646 istius
2080 2574 2385 2659 imperio

338 2661 539 2726 tulit?
610 2661 862 2746 Nempe
888 2660 1065 2726 11οο
1045 2683 1184 2726 rure
1219 2661 1365 2746 fuit,
1401 2661 1661 2746 iudices,
1694 2665 1769 2726 ut
1806 2683 1884 2726 ex
1920 2662 2065 2727 sinu
2101 2666 2387 2747 patriae

335 2749 790 2851 nobilissimus
812 2749 1188 2816 adulescens
1228 2751 1323 2829 [et
1359 2769 1437 2816 ex
1470 2750 1791 2835 conplexu
1827 2750 2057 2818 matris
2094 2757 2390 2837 ereptus

336 2838 645 2904 innocens
699 2837 903 2938 filius]
962 2838 1154 2904 istius
1198 2837 1486 2906 carnifici
1531 2773 1751 2903 Sextio
1798 2837 2162 2911 dederetur.
2251 2838 2393 2907 Cui

336 2926 592 2993 civitati
643 2925 924 2995 maiores
967 2926 1181 2991 nostri
1222 2925 1542 2994 maximos
1588 2947 1783 3015 agros
1829 2930 2025 3010 atque
2070 2927 2393 3011 optimos
2416 2945 2458 2987 ι·

336 3017 808 3097 concesserunt,
836 3035 1030 3097 quam
1057 3014 1411 3080 immunem
1439 3034 1580 3078 esse
1605 3013 1970 3097 voluerunt,
1994 3013 2163 3082 haec
2193 3038 2237 3082 a
2234 3017 2396 3102 pud

335 3106 420 3167 te
430 3101 859 3188 cognationis,
891 3100 1248 3185 fidelitatis,
1282 3101 1650 3186 vetustatis,
1688 3102 2095 3168 auctoritatis
2123 3123 2216 3169 ne
2247 3104 2397 3172 hoe

337 3190 641 3272 quidem
621 3190 783 3255 iuris
795 3189 1113 3291 optinuit,
1147 3192 1223 3256 ut
1250 3190 1440 3256 unius
1468 3189 1917 3260 honestissimi
1943 3194 2145 3273 atque
2183 3191 2397 3261 inno-

276 3333 315 3395 8
334 3278 693 3344 centissimi
754 3278 913 3345 civis
976 3280 1255 3346 mortem
1319 3299 1395 3345 80
1447 3278 1831 3362 sanguinem
1884 3277 2399 3363 deprecaretur.

228 3336 333 3456 ἐκ
471 3363 612 3440 Quo
652 3365 1030 3466 confugient
1067 3365 1269 3434 socii?
1317 3386 1508 3449 quem
1550 3365 2018 3451 inplorabant?
2065 3388 2207 3449 qua.
2260 3391 2401 3455 spe
2424 3383 2465 3426 s

336 3447 640 3547 denique,
690 3457 765 3516 ut
808 3453 1025 3518 vivere
1069 3452 1301 3537 velint,
1355 3453 1778 3537 tenebuntur,
1826 3453 1886 3520 si
1928 3474 2049 3519 808
2094 3476 2219 3520 008
2279 3458 2404 3523 de-

336 3533 611 3600 seretis?
673 3537 781 3602 Ad
818 3544 1113 3607 senatum
1121 3542 1254 3622 [ne]
1294 3541 1602 3608 venient?
1675 3541 1886 3618 Quid?
1939 3544 2016 3607 ut
2052 3541 2136 3606 de
2156 3542 2406 3611 Verre
