2566 4016
286 212 291 217 ’
333 243 462 308 356
949 241 1028 296 m
1070 241 1126 296 e.
1156 241 1469 295 VERREM
1505 242 1663 297 Ao‘r.
1702 241 1769 296 11.

333 392 400 453 et
433 387 673 453 iudicia
718 408 942 452 severa
986 387 1249 471 fiebant,
1296 387 1378 452 ad
1421 388 1590 451 hanc
1634 386 1972 451 hominum
2019 385 2350 451 libidinem

333 498 410 542 ac
462 475 794 542 licentiam
846 497 949 540 me
997 476 1261 540 abducis
1310 479 1403 558 et,
1446 476 1526 539 in
1573 496 1735 558 quos
1783 474 2033 558 aliquid
2076 475 2353 558 exempli

331 566 610 649 populus
646 564 980 630 Romanus
1022 564 1225 629 statui
1269 568 1463 648 putat
1508 566 1828 649 oportere,
1870 564 1954 628 ab
2001 562 2083 627 iis
2129 567 2203 627 tu
2249 563 2351 626 de-

331 653 644 718 fensionis
684 652 980 736 exempla
1017 652 1319 737 quaeris?
1391 650 1544 716 Non
1578 651 1762 737 fugio
1799 672 1881 715 ne
1926 651 2049 716 hos
2098 650 2351 735 quidem

334 762 574 825 mores,
638 741 790 804 dum
854 739 1045 805 modo
1112 763 1190 805 ex
1251 740 1333 804 iis
1391 760 1492 823 ea,
1557 761 1722 823 quae
1781 739 2020 824 probat
2072 739 2349 824 populus
2377 758 2403 800 ⁵

333 830 665 895 Romanus
695 828 1009 912 exempla,
1045 851 1179 894 non
1216 850 1308 911 ea,
1346 850 1511 912 quae
1549 827 1954 911 condemnat,
1992 848 2351 911 sequamur.

332 917 484 982 Non
520 916 1052 1001 circumspiciam,
1097 938 1230 980 non
1267 937 1577 1000 quaeram
1621 916 1811 999 foris3
1856 915 2067 981 habeo
2115 915 2352 979 iudices

335 1010 549 1070 tecum
585 1004 908 1089 principes
957 1005 1260 1088 civitatiS,
1306 1004 1376 1068 P.
1414 1002 1760 1068 Servilium
1807 1006 1873 1068 et
1910 1002 1983 1078 Q.
2022 1002 2355 1088 Catulum3

334 1094 446 1176 qui
490 1097 678 1158 tanta
725 1093 1114 1158 auctoritate
1162 1097 1342 1176 sunt,
1397 1092 1601 1157 tantis
1646 1093 1842 1157 rebus
1884 1092 2094 1178 gestis
2105 1143 2122 1175 ,
2168 1094 2240 1156 ut
2279 1091 2357 1156 in

331 1182 450 1247 illo
508 1181 1110 1265 antiquissimorum
1163 1181 1796 1264 clarissimorumque
1848 1180 2213 1263 hominum,
2274 1179 2357 1245 de
2387 1202 2441 1242 10

229 1276 378 1345 (211)
406 1271 638 1354 quibus
665 1274 857 1335 antea
885 1270 1033 1354 dixi,
1059 1291 1330 1335 numero
1358 1272 1773 1353 reponantur.
1816 1267 2139 1353 Exempla
2167 1290 2358 1352 quae-

334 1359 557 1443 rimuS,
603 1361 669 1422 et
696 1378 783 1422 'ea
816 1379 950 1422 non
987 1359 1273 1442 antiqua.
1352 1357 1547 1422 Modo
1593 1362 1865 1441 uterque
1911 1379 2136 1422 eorum
2183 1378 2359 1421 exer-

228 1456 332 1505 211
370 1446 571 1510 citum
606 1445 855 1509 habuit.
936 1444 1203 1529 Quaere,
1243 1443 1578 1530 Hortensi,
1624 1445 1931 1530 quoniam
1966 1449 2034 1510 te
2070 1445 2362 1510 recentia

333 1532 2220 1724 {331⁰issussissffltanss'sssuissu{³⁰}r221'3‘ffi2231an203‘232g3',
2234 1531 2361 1686 Οἷὲ
2393 1642 2444 1683 1.

248 1688 249 1691 =
1296 1671 1315 1704 7

336 1709 646 1775 Servilius
682 1709 1193 1794 quinquennium
1230 1709 1537 1774 exercitui
1574 1732 1722 1775 cum
1759 1714 2088 1795 praeesset
2124 1713 2190 1775 et
2225 1709 2364 1775 ista

336 1799 588 1865 ratione
650 1798 1191 1864 innumerabilem
1254 1798 1594 1883 pecuniam
1646 1799 1859 1864 facere
1915 1821 2061 1864 cum
2113 1803 2364 1883 posset,

334 1909 468 1953 non
531 1887 766 1952 statuit
825 1887 953 1953 sibi
1007 1887 1351 1972 quicquam
1405 1886 1625 1970 licere,
1689 1886 1862 1971 quod
1915 1909 2047 1952 non
2098 1890 2365 1972 patrem

336 1998 550 2061 suum,
595 1998 729 2042 non
774 1998 967 2042 avum
1004 1975 1076 2052 Q.
1113 1975 1479 2060 Metellum,
1525 1974 1962 2042 clarissimum
2006 1975 2366 2060 hominem,

335 2065 546 2131 facere
582 2065 878 2148 vidisset3
926 2063 995 2129 C.
1021 2064 1261 2130 Verres
1306 2064 1686 2148 reperietur,
1729 2066 1858 2168 qui,
1902 2064 2209 2149 quicquid
2255 2085 2367 2129 ex·
2397 2086 2453 2125 20

333 2153 581 2237 pediat,
625 2152 694 2218 id
739 2153 930 2217 licere
976 2152 1193 2217 dicat?
1254 2153 1427 2236 quod
1470 2174 1660 2217 nemo
1707 2153 1835 2217 nisi
1879 2152 2217 2237 improbus
2262 2151 2370 2217 fe-

337 2242 525 2324 cerit,
571 2240 639 2304 id
685 2241 962 2304 aliorum
1009 2240 1305 2324 exemplo
1354 2261 1423 2305 se
1466 2240 1697 2306 fecisse
1744 2239 2089 2307 defendat?

231 2330 315 2394 91
471 2292 565 2393 A't
616 2328 688 2390 in
732 2325 956 2393 Sicilia
1008 2326 1382 2393 factitatum
1438 2332 1556 2393 est.
1637 2328 1814 2405 Quae
1869 2335 1972 2395 est
2024 2330 2155 2394 ista
2208 2350 2374 2395 con-

338 2416 503 2481 dicio
560 2413 862 2480 Siciliae?
926 2437 1040 2481 cur
1047 2466 1065 2500 ,
1131 2437 1295 2499 quae
1356 2417 1604 2501 optimo
1658 2418 1798 2483 iure
1851 2422 2121 2503 propter
2174 2422 2375 2483 vetu-

338 2507 605 2587 statem,
662 2503 1072 2588 fidelitatem,
1126 2504 1684 2590 propinquitatem
1739 2527 1879 2571 esse
1934 2507 2150 2590 debet,
2207 2506 2377 2572 huic
2405 2526 2454 2567 25

231 2607 334 2657 212
372 2591 718 2677 praecipua
752 2592 859 2656 lex
894 2592 1169 2658 iniuriae
1206 2593 1555 2659 definitur?
1618 2591 1745 2658 Sed
1786 2594 1857 2659 in
1900 2594 2046 2679 ipsa
2086 2594 2224 2658 ista
2261 2593 2377 2659 Si-

336 2681 488 2747 cilia
513 2702 647 2746 non
674 2702 982 2764 quaeram
1010 2682 1378 2766 exemplum
1403 2681 1593 2765 foris3
1629 2682 1755 2747 hoc
1784 2683 1928 2768 ipso
1966 2705 2046 2747 ex
2082 2682 2375 2748 consilio

336 2774 488 2835 utar
533 2769 864 2854 exemplis.
946 2768 1015 2835 O.
1051 2768 1386 2853 Marcelle,
1430 2772 1499 2834 te
1544 2771 1824 2855 appello.
1908 2768 2164 2836 Siciliae
2213 2793 2379 2856 pro·

335 2859 609 2941 vinciae,
657 2879 803 2922 cum
851 2879 1023 2923 esses
1069 2879 1189 2942 pro
1236 2858 1528 2943 consule,
1572 2858 1942 2943 praefuisti,
1986 2882 2143 2925 num
2191 2880 2376 2943 quae

334 2948 405 3011 in
458 2950 573 3012 tuo
619 2946 892 3030 imperio
938 2946 1246 3031 pecuniae
1293 2946 1496 3011 cellae
1537 2947 1801 3013 nomine
1846 2952 2111 3014 coactae
2156 2948 2376 3012 sunt?
2406 2966 2463 3007 so

335 3034 564 3118 Neque
600 3055 723 3120 ego
760 3033 886 3100 hoc
921 3034 992 3098 in
1026 3038 1142 3101 tua
1178 3034 1369 3100 laude
1404 3056 1607 3119 pon03
1652 3036 1781 3101 alia
1822 3040 1977 3102 sunt
2017 3040 2134 3102 tua
2178 3035 2380 3102 facta

337 3127 533 3205 atque
587 3121 859 3187 consilia
914 3144 1168 3187 summa
1222 3122 1414 3187 laude
1470 3122 1691 3209 digna,
1751 3124 1986 3209 quibus
2040 3124 2232 3190 illam
2290 3129 2382 3189 tu

336 3209 737 3293 provinciam
803 3209 1128 3276 adflictam
1193 3195 1259 3275 et
1317 3210 1641 3296 perditam
1697 3214 1959 3278 erexisti
2014 3217 2212 3297 atque
2267 3235 2381 3278 re-

337 3297 600 3379 creasti,
642 3319 797 3362 nam
841 3289 966 3364 hoc
1013 3299 1090 3363 de
1136 3298 1302 3364 cella
1343 3321 1449 3364 ne
1463 3298 1743 3385 Lepidus
1790 3302 2049 3387 quidem
2092 3301 2382 3386 fecerat,

337 3384 439 3444 cui
489 3389 563 3447 tu
619 3386 1002 3451 successisti.
1086 3386 1264 3489 Quae
1320 3391 1472 3454 sunt
1516 3388 1641 3455 tibi
1685 3389 1890 3475 igitur
1935 3391 2236 3476 exempla
2288 3412 2383 3455 ex
2409 3404 2466 3447 ³⁵

338 3463 561 3531 Sicilia
597 3471 817 3555 cellae,
864 3475 921 3538 si
955 3475 1094 3540 hoc
1117 3476 1362 3541 crimen
1405 3498 1538 3542 non
1581 3479 1775 3544 modo
1821 3478 2116 3546 Marcelli
2157 3478 2382 3562 facte,

232 3560 335 3607 213
374 3551 486 3614 sed
537 3574 623 3617 ne
663 3524 892 3641 Lepidi
945 3562 1203 3643 quidem
1257 3566 1448 3648 potes
1494 3564 1877 3633 defendere?
1967 3567 2075 3634 Au
2119 3587 2229 3632 me
2282 3530 2386 3634 ad
