2566 4016
728 202 864 258 LIB.
901 203 979 255 111
1042 201 1197 256 CAP.
1237 208 1324 268 25,
1363 208 1431 257 26
1468 208 1498 267 ἓ
1535 209 1760 257 61—66.
2117 204 2249 268 295

240 349 516 435 potuerit
569 367 688 411 sua
733 344 1006 410 consilia
1051 345 1128 409 de
1165 344 1387 410 Verre.
1468 343 1603 409 Iste
1648 367 1844 428 porro
1890 367 2024 410 non
2070 347 2249 411 dubi-

240 439 436 517 tabat,
478 434 640 518 quin
680 433 757 514 is,
802 433 915 515 qui
958 433 1181 497 alium.
1207 437 1401 498 antea
1447 433 1661 497 studio
1709 432 2021 498 adductus
2069 456 2249 499 accu-

243 528 459 606 sasset,
497 521 626 586 sibi
660 520 1030 585 advenienti
1065 524 1330 604 praesto
1369 525 1542 585 esset
1576 520 1854 603 futurae,
1890 543 2038 585 cum
2076 527 2250 587 esset

242 610 521 697 parentis
542 668 545 673 .
565 608 820 673 iniuriis
866 613 932 671 et
976 608 1332 672 domestico
1379 607 1601 673 dolore
1647 612 2026 673 commotus.

195 717 219 757 5
363 698 587 762 Iamne
633 695 1018 780 intellegitis
1027 746 1046 779 ‚
1099 696 1340 761 iudices
1348 746 1368 779 ,
1424 718 1587 778 quae
1640 697 1872 780 pestis,
1920 704 2102 780 quae
2128 698 2249 761 im·
2267 674 2354 798 2364

244 787 516 855 manitas
567 786 638 849 in
691 788 919 849 nostra
973 784 1453 867 antiquissima,
1506 784 1884 849 fidelissima
1929 785 2249 868 proxima—

244 897 357 959 que
385 873 720 957 provincia
747 875 1008 936 versata
1035 871 1165 936 sit‘?
1206 873 1340 937 iam
1367 872 1621 955 videtis»,
1649 894 1844 955 quam
1873 872 1957 937 ob
1986 894 2250 938 causam

242 962 457 1028 Sicilia
501 964 605 1027 tot
650 960 986 1024 hominum
1030 959 1209 1024 furta
1255 964 1474 1042 antea,
1528 960 1820 1043 rapinas,
1869 961 2248 1044 iniquitates

240 1050 756 1135 ignominiasque
815 1068 1127 1131 perpessa
1179 1047 1304 1112 hoc
1354 1069 1487 1112 non
1539 1049 1825 1131 potuerit
1878 1070 2119 1112 novum
2176 1071 2251 1113 ac

168 1155 216 1194 ιο
241 1138 567 1222 singulare
631 1140 825 1219 atque
890 1134 1265 1199 incredibile
1332 1156 1535 1220 genus
1588 1135 1972 1200 iniuriarum
2026 1140 2249 1201 contu-

241 1226 701 1306 meliarumque
759 1222 1087 1307 perferre?
1178 1221 1321 1286 Iam
1375 1245 1596 1287 omnes
1652 1222 2073 1308 intellegunt,
2139 1246 2251 1288 cur

241 1314 538 1377 universa
573 1311 906 1392 provincia
941 1309 1341 1375 defensorem
1389 1332 1542 1375 suae
1589 1311 1819 1375 salutis
1866 1333 2014 1376 eum
2062 1333 2251 1395 quae-

243 1399 481 1481 siverit,
516 1399 696 1464 cuius
723 1398 849 1463 iste
880 1398 1049 1481 fidei,
1086 1398 1482 1483 diligentiae,
1517 1399 2034 1483 perseverantiae
2069 1400 2253 1464 nulla

240 1488 490 1555 ratione
535 1487 699 1571 eripi
743 1485 971 1570 possit.
1053 1485 1181 1573 Tot
1224 1486 1477 1557 iudiciis
1524 1486 1912 1551 interfuistis
1920 1538 1938 1570 ‚
1991 1491 2095 1551 tot
2141 1488 2252 1552 ho·

164 1593 212 1634 ιε
241 1578 444 1645 mines
505 1577 812 1640 nocentes
874 1578 942 1636 et
1003 1574 1336 1657 improbos
1397 1578 1731 1641 accusatos
1793 1580 1859 1639 et
1912 1579 2132 1639 vestra
2187 1579 2253 1640 et

240 1664 646 1749 superiorum
699 1661 1014 1727 memoria
1060 1662 1261 1727 scitis
1288 1684 1456 1745 esse3
1511 1685 1776 1746 ecquem
1820 1663 2103 1746 vidistis,
2157 1685 2253 1728 ec-

239 1773 430 1835 quem
492 1750 766 1817 audistis
830 1750 900 1813 in
962 1749 1168 1814 tantis
1229 1749 1422 1814 furtis
1431 1799 1449 1832 ‚
1512 1751 1600 1814 in.
1634 1754 1773 1813 tam
1829 1751 2070 1832 apertis
2129 1750 2250 1829 [in]

242 1843 428 1904 tanta
464 1838 750 1920 audacia,
798 1837 917 1917 [in]
955 1841 1144 1903 tanta
1188 1838 1588 1920 impudentia
1635 1839 1802 1916 [esse
1848 1837 2252 1916 versatumJ‘?

242 1925 571 2012 Apronius
618 1926 967 2010 stipatores
989 1924 1305 1990 Venerios
1353 1946 1576 1989 secum,
1615 1924 1929 2006 habebat3
1977 1924 2252 1989 ducebat
2289 1941 2357 1988 65

159 2032 213 2073 2⁰
241 2038 352 2081 eos
409 2016 648 2081 circum
703 2014 1029 2096 civitates;
1088 2013 1344 2096 publice
1401 2013 1527 2077 sibi
1579 2012 1878 2078 convivia
1932 2014 2253 2096 apparari,

240 2104 442 2170 sterni
495 2102 805 2184 triclinia,
859 2106 926 2166 et
970 2102 1038 2165 in
1081 2101 1227 2165 foro
1275 2101 1481 2165 sterni
1524 2101 1816 2182 iubebat3
1872 2122 1948 2165 eo
1998 2101 2255 2165 evocari

236 2193 534 2257 homines
562 2190 1080 2255 ‘honestissimos
1123 2210 1257 2254 non
1304 2190 1517 2254 solum
1559 2186 1839 2272 Siculos,
1895 2189 2008 2253 sed
2054 2189 2254 2253 etiam

240 2281 493 2362 equites
544 2278 903 2361 Romanos,
957 2281 1060 2360 ut,
1116 2278 1376 2361 quicum
1429 2277 1645 2343 vivere
1700 2297 1890 2342 nemo
1945 2298 2254 2361 umquam

237 2368 370 2431 nisi
432 2367 643 2450 turpis
696 2367 1092 2450 inpurusque
1145 2366 1490 2449 voluisset,
1558 2366 1640 2431 ad
1695 2366 1830 2430 eius
1887 2366 2255 2431 convivium

156 2471 211 2513 25
241 2454 706 2539 spectatissimi
739 2459 934 2537 atque
970 2453 1417 2518 honestissimi
1454 2454 1578 2519 viri
1612 2457 2004 2520 tenerentur.
2076 2452 2256 2519 Haec

237 2549 332 2626 tu,
378 2544 668 2612 omnium
706 2542 1087 2607 mortalium
1121 2542 1655 2626 profligatissime
1692 2564 1767 2606 ac
1803 2542 2258 2626 perditissime,

238 2653 389 2696 cum
427 2632 653 2713 scireS‚
700 2652 846 2695 cum
891 2629 1147 2696 audires
1194 2628 1456 2711 cotidie,
1503 2651 1649 2693 cum
1695 2629 1943 2693 videres
1953 2678 1970 2712 ‚
2017 2630 2073 2694 si
2120 2630 2257 2692 sine

237 2722 357 2779 tuo
413 2722 687 2797 quaestu
740 2718 1023 2782 maximo
1073 2717 1331 2798 fierent,
1385 2736 1532 2780 cum
1575 2720 1762 2782 tanto
1809 2719 1923 2780 tuo
1968 2716 2255 2799 periculo

237 2802 385 2867 fieri
452 2806 746 2892 paterere
812 2809 1008 2886 atque
1076 2803 1500 2868 concederes?
1599 2802 1883 2868 Tantum
1952 2803 2124 2885 apud
2191 2806 2256 2866 te

150 2909 207 2950 ao
241 2893 554 2974 quaestus
595 2888 872 2973 Aproni,
925 2894 1182 2958 tantum
1234 2891 1372 2955 eius
1429 2911 1639 2953 sermo
1683 2890 2256 2973 inquinatissimus

236 2983 308 3043 et
364 2976 720 3052 blanditiae
773 2976 1139 3061 flagitiosae
1183 2979 1553 3060 valuerunt,
1608 2981 1684 3042 ut
1721 2989 2080 3061 numquam
2126 2978 2258 3042 ani-

236 3089 421 3136 mum
458 3069 646 3130 tuum
678 3086 835 3129 cura
871 3069 1131 3129 tuarum
1174 3065 1588 3130 fortunarum
1633 3065 2074 3148 cogitatioque
2118 3066 2259 3127 tan-

237 3154 471 3239 geret?
553 3150 852 3235 CernitiS‚
899 3151 1156 3235 iudices,
1202 3153 1374 3236 quod
1420 3157 1486 3217 et
1534 3155 1849 3234 quantum
1892 3151 2258 3216 incendium
2295 3174 2363 3221 ee

237 3244 748 3307 decumanorum
784 3240 1034 3323 impetu
1068 3260 1201 3304 non
1236 3241 1450 3305 solum
1488 3260 1856 3325 per-agros,
1903 3240 2015 3303 sed
2062 3238 2259 3304 etiam

143 3345 204 3394 ⁸⁶
234 3352 358 3415 per
384 3329 671 3414 reliquas
704 3329 999 3393 fortunas
1038 3331 1387 3410 aratorum,
1424 3348 1632 3410 neque
1670 3328 1883 3392 solum
1920 3349 2034 3411 per
2070 3327 2259 3410 bona,

234 3417 367 3488 sed,
398 3418 601 3486 etiam
637 3439 753 3501 per
789 3417 931 3481 iura
967 3413 1292 3480 libertatis
1340 3420 1406 3478 et
1451 3414 1739 3480 civitatis
1784 3415 1914 3480 isto
1960 3419 2260 3500 praetore

233 3507 619 3588 pervaserit.
708 3504 961 3569 Videtis
1017 3502 1296 3587 pendere
1350 3502 1515 3568 alios
1571 3524 1648 3568 ex
1700 3503 1959 3588 arbore,
2011 3504 2256 3589 pulsari
