2566 4016
785 228 919 282 ΜΒ.
961 228 987 282 Ι
1052 228 1205 284 CAP.
1244 235 1456 284 33-35
1495 236 1525 296 s
1564 236 1790 285 84-89.
2176 230 2302 294 173

277 374 497 440 omnia
550 372 833 438 testibus
889 374 1148 460 integra
1198 374 1573 456 reservab03
1625 373 1817 457 illud,
1874 373 2047 458 quod
2091 395 2300 459 neque

276 462 478 529 taceri
552 461 690 526 ullo
765 461 956 525 modo
1024 481 1232 545 neque
1297 461 1424 527 dici
1487 482 1607 546 pro
1673 461 1997 547 dignitate
2061 467 2302 546 potest,

276 549 670 637 cognoscite.
751 549 996 614 Milites
1042 549 1451 635 remigesque
1495 549 1798 615 Miletum
1842 549 2081 633 Myndo
2128 550 2301 634 pedi-
2339 564 2406 612 8⁷

275 641 399 705 bus
438 638 678 703 reverti
723 637 922 721 iubet,
968 638 1107 723 ipse
1156 659 1620 723 myoparonem
1665 638 2176 723 pulcherrimum
2223 638 2301 702 de

214 745 249 788 ε
277 728 499 793 decem
560 725 965 790 Milesiorum
1028 726 1305 791 navibus
1373 727 1649 792 electum
1702 725 1774 791 L.
1821 725 2043 812 Magio
2109 730 2175 790 et
2229 725 2300 791 L.

275 814 547 897 Fanni0,
593 814 706 898 qui
741 813 967 898 Myndi
1010 813 1422 898 habitabant,
1468 814 1775 880 vendidit.
1854 815 1946 879 Hi
1992 818 2145 880 sunt
2188 814 2301 886 ho-

276 904 504 986 mines,
532 923 696 987 quos
725 923 933 987 nuper
962 906 1225 967 senatus
1251 903 1325 966 in
1351 903 1637 969 hostium
1664 925 1936 969 numero
1964 902 2298 969 habendos

276 991 555 1074 censuit3
618 990 743 1056 hoc
805 991 908 1054 illi
970 990 1234 1077 navigio
1302 992 1384 1056 ad
1448 1012 1671 1057 omnes
1734 991 1960 1076 populi
2019 991 2301 1056 Romani

275 1079 501 1145 hostes
564 1100 770 1164 usque
833 1079 916 1143 ab
971 1078 1209 1143 Dianio
1276 1079 1477 1163 [quod
1523 1080 1597 1145 in
1648 1078 1971 1164 Hispania
2025 1082 2149 1159 est]
2218 1079 2302 1144 ad
2368 1152 2378 1160 ,

191 1188 250 1228 ιο
277 1165 591 1252 Sinopam
640 1170 832 1251 [quae
877 1167 949 1231 in
990 1166 1203 1232 Ponto
1251 1170 1378 1248 est]
1424 1168 1919 1254 navigaverunt.

411 1255 485 1339 Ο,
531 1255 596 1320 di
639 1255 1075 1337 immortales,
1124 1254 1571 1320 incredibilem
1619 1255 1962 1322 avaritiam
2010 1254 2299 1341 singula-

277 1366 540 1428 remque
567 1344 932 1410 audaciam!
995 1342 1249 1409 Navem
1276 1347 1352 1408 tu
1385 1342 1462 1407 de
1498 1344 1709 1408 classe
1744 1344 1971 1429 populi
1999 1342 2299 1425 Romani,

278 1454 473 1517 quam
502 1431 628 1497 tibi
652 1431 910 1497 Milesia
946 1430 1196 1515 civitas,
1231 1435 1307 1496 ut
1342 1434 1408 1496 te
1445 1436 1962 1517 prosequeretur,
2001 1431 2300 1515 dedisset,

278 1543 475 1586 ausus
524 1541 593 1585 es
637 1519 959 1586 vendere?
1041 1516 1112 1583 Si
1156 1524 1225 1584 te
1270 1520 1654 1606 magnitudo
1702 1520 2031 1603 maleficii,
2082 1520 2140 1585 si
2184 1520 2300 1586 ho-

192 1628 248 1670 15
276 1610 525 1674 minum
554 1609 952 1674 existimatio
979 1629 1113 1673 non
1144 1609 1470 1693 movebat,
1504 1630 1588 1674 ne
1622 1608 1789 1673 illud
1827 1609 2086 1694 quidem
2124 1609 2300 1695 cogi-

275 1699 496 1781 tabas,
569 1697 759 1761 huius
824 1696 1296 1780 improbissimi
1357 1697 1520 1762 furti
1585 1697 1721 1763 sive
1787 1698 1946 1762 adeo
2010 1696 2298 1762 nefariae

277 1785 554 1871 praedae
580 1789 720 1850 tam
746 1786 1074 1850 illustrem
1102 1807 1178 1850 ac
1204 1789 1345 1850 tam
1371 1786 1660 1849 nobilem
1688 1785 2023 1850 civitatem
2059 1788 2297 1849 testem

276 1873 609 1938 futuram?
700 1872 833 1957 An,
887 1874 1041 1958 quia
1095 1877 1239 1938 tum
1295 1871 1409 1938 Cn.
1445 1872 1797 1937 Dolabella
1840 1873 1912 1937 in
1956 1894 2130 1955 eum,
2187 1871 2298 1955 qui
2336 1885 2404 1934 88

279 1962 340 2026 ei
392 1962 776 2047 myoparoni
825 1960 1198 2046 praefuerat
1241 1959 1644 2045 Milesiisque
1698 1981 1839 2026 rem
1893 1961 2150 2046 gestam
2204 1980 2297 2024 re-

190 2071 249 2111 20
276 2051 629 2136 nuntiarat,
666 2050 1180 2116 animadvertere
1207 2053 1325 2114 tuo
1353 2052 1594 2136 rogatu
1621 2051 1893 2114 conatus
1927 2050 2028 2113 est
2062 2069 2298 2113 renun-

273 2138 744 2223 tiationemque
778 2139 935 2222 eiuS,
971 2160 1135 2222 quae
1174 2141 1316 2202 erat
1351 2137 1421 2202 in
1456 2137 1753 2223 publicas
1791 2136 2049 2201 litteras
2086 2137 2297 2202 relata

272 2228 539 2293 illorum
565 2227 839 2314 legibus,
874 2226 1025 2292 tolli
1060 2226 1360 2310 iusserat,
1393 2226 1632 2291 idcirco
1660 2229 1729 2290 te
1758 2246 1836 2291 ex
1866 2225 1992 2291 hoc
2029 2225 2296 2290 crimine
2498 2294 2499 2297 Ἴ

274 2317 565 2401 elapsum
634 2337 774 2380 esse
840 2315 1293 2381 arbitrabare?
1393 2313 1677 2380 Multum
1741 2317 1810 2379 te
1868 2313 1999 2379 ista
2056 2313 2296 2379 fefellit
2319 2311 2402 2376 35

276 2404 514 2489 opinio,
550 2407 617 2469 et
646 2403 904 2489 quidem
938 2403 1163 2469 multis
1201 2403 1272 2467 in
1308 2402 1490 2468 locis.
1563 2400 1832 2489 Semper
1869 2403 2042 2468 enim
2082 2403 2298 2468 existi-

191 2510 247 2552 2⁵
275 2493 491 2577 masti‚
537 2495 603 2557 et
651 2490 931 2557 maxime
976 2491 1047 2556 in
1090 2489 1332 2575 Sicilia,
1379 2491 1541 2557 satis
1588 2495 1851 2557 cautum
1895 2492 2020 2557 tibi
2067 2493 2149 2557 ad
2196 2492 2298 2556 de·

273 2581 636 2647 fensionem
660 2579 819 2664 fore,
857 2580 914 2644 si
943 2583 1057 2645 aut
1082 2579 1314 2645 referri
1341 2579 1587 2664 aliquid
1615 2579 1684 2643 in
1710 2580 1967 2645 litteras
2001 2581 2295 2663 publicas

274 2669 591 2734 vetuisses
630 2673 763 2753 aut,
798 2667 972 2754 quod
1008 2668 1291 2734 relatum
1328 2670 1518 2751 esset,
1558 2668 1710 2733 tolli
1746 2669 2091 2754 coegisses.
2153 2665 2297 2732 Hoc

278 2777 475 2840 quam
524 2755 689 2822 nihil
736 2757 852 2841 sit,
903 2757 1171 2821 tametsi
1218 2776 1298 2821 ex
1330 2755 1568 2821 multis
1615 2753 1872 2822 Siciliae
1918 2755 2295 2821 civitatibus

273 2843 494 2927 priore
532 2844 783 2911 actione
823 2844 1123 2929 didicisti,
1169 2848 1393 2910 tamen
1430 2845 1629 2909 etiam
1673 2845 1743 2908 in
1788 2844 1912 2909 hac
1955 2844 2102 2928 ipsa
2147 2842 2297 2907 civi·

192 2951 247 2991 so
274 2935 414 2997 tate
450 2953 783 3019 cognosce.
858 2930 1025 2997 Sunt
1059 2933 1162 2999 illi
1199 2933 1460 3017 quidem
1498 2931 1669 2999 dicto
1709 2932 2063 3014 audientes,
2101 2952 2296 3014 quam

275 3020 383 3086 diu
420 3021 658 3087 adsunt
692 3022 759 3106 ii,
808 3021 919 3105 qui
955 3021 1310 3106 imperant3
1356 3020 1630 3086 simulac
1667 3020 2121 3102 discesserunt,
2164 3039 2298 3084 non

271 3110 489 3175 solum
523 3109 694 3174 illud
728 3108 1158 3194 perscribunt,
1207 3109 1381 3194 quod
1416 3113 1558 3175 tum
1602 3107 1921 3194 prohibiti
1967 3109 2138 3191 sunt,
2185 3106 2299 3171 sed

272 3197 476 3263 etiam
512 3219 779 3266 causam
815 3197 1209 3282 adscribunt,
1263 3219 1377 3263 cur
1420 3219 1554 3262 non
1596 3200 1741 3262 tum
1784 3197 1855 3261 in
1898 3194 2156 3265 litteras
2203 3216 2299 3260 re-

269 3286 482 3351 latum
538 3285 644 3352 sit.
741 3284 1009 3350 Manent
1061 3287 1227 3352 istae
1281 3284 1544 3351 litterae
1598 3284 1836 3369 Mileti,
1891 3287 2158 3349 manent
2214 3287 2298 3368 et,
2337 3297 2401 3346 89

189 3390 244 3431 ³⁵
271 3373 425 3439 dum
479 3374 607 3440 erit
655 3373 775 3439 illa
820 3373 1079 3459 civitas,
1134 3374 1509 3440 manebunt.
1589 3373 1832 3439 Decem
1879 3372 2052 3438 enim
2096 3394 2296 3439 naves

269 3461 453 3527 iussu
497 3461 569 3527 L.
606 3461 915 3528 Murenae
968 3463 1249 3550 populus
1296 3460 1594 3543 Milesius
1650 3482 1728 3527 ex
1780 3461 2055 3549 pecunia
2103 3463 2297 3529 vecti·

274 3550 409 3631 gali
462 3551 707 3637 populo
753 3551 1050 3618 Romano
1103 3552 1377 3635 fecerat,
1433 3552 1601 3620 sicut
1654 3572 1774 3637 pro
1832 3574 1951 3618 sua
2007 3572 2297 3636 quaeque
