2566 4016
742 1043 838 1117 M.
897 1042 1184 1117 TULLI
1238 1045 1740 1122 CICERONTs

544 1206 751 1291 PRO
813 1206 903 1291 P.
970 1204 1458 1310 QUINO'I'IO
1522 1208 1928 1297 ORATIO.

877 1495 1601 1566 ARGUMENTUM.

332 1614 408 1670 M.
457 1614 642 1670 Tullio
687 1614 903 1671 Decula
946 1615 1040 1672 Cn.
1090 1617 1349 1674 Cornelio
1393 1619 1688 1675 Dolabella
1732 1635 1872 1677 coss.
1920 1638 2065 1677 anno
2102 1639 2155 1678 u.
2196 1640 2241 1679 c.

231 1691 331 1742 673
378 1685 455 1742 Μ.
502 1685 718 1741 Tullius
764 1686 982 1752 Cicero,
1037 1705 1165 1742 cum
1212 1689 1235 1743 i
1277 1705 1336 1743 se
1385 1706 1594 1745 annum
1647 1691 1974 1748 vicesimum
2026 1696 2245 1749 sextum

230 1759 446 1827 ageret,
493 1773 605 1824 qua
640 1757 708 1811 de
743 1773 805 1811 re
841 1758 906 1814 A.
946 1756 1160 1812 Gellius
1340 1766 1410 1817 28
1456 1761 1725 1816 curiosius
1771 1763 1856 1817 dis
1858 1766 2046 1833 putat,
2098 1765 2243 1818 hanc

213 1826 287 1880 P.
326 1826 554 1892 Quincti
597 1843 846 1896 causam,
897 1844 1066 1896 quam
1110 1829 1446 1897 aliquotiens
1495 1833 1662 1885 antea
1704 1831 1779 1886 M.
1818 1782 2010 1887 Iunius
2057 1836 2245 1887 orator

228 1898 380 1967 apud
426 1896 484 1953 C
524 1897 811 1965 Aquilium
832 1870 1080 1953 Gallum
1128 1898 1371 1963 iudicem
1416 1902 1631 1969 egerat,
1683 1903 1833 1970 apud
1879 1903 2119 1955 eundem
2161 1902 2242 1956 iu-

227 1968 411 2023 dicem
454 1970 649 2023 contra
684 1968 745 2034 Q.
784 1967 1301 2037 Hortensium,un
1333 1984 1437 2038 pro
1473 1969 1597 2024 Sex.
1635 1970 1882 2039 Naevio,
1921 1972 1981 2025 P.
2021 1971 2245 2037 Quincti

227 2039 563 2108 adver-sarm,
603 2040 829 2094 sedente
856 2040 919 2094 L.
947 2039 1158 2096 Marcio
1185 2039 1448 2109 Philippo
1478 2039 1717 2107 dicebat,
1755 2042 1907 2096 solus
1941 2042 2241 2111 peroravit.

227 2108 349 2175 Quo
394 2082 601 2164 iudicio
650 2111 758 2165 etsi
792 2110 999 2164 litteris
1035 2111 1320 2193 proditum
1356 2127 1470 2165 non
1507 2111 1593 2165 est
1628 2113 1818 2164 utrum
1853 2112 1913 2166 P.
1953 2111 2243 2178 Quinctius

227 2181 628 2235 condemnatus
666 2198 739 2235 an
774 2181 1064 2235 absolutus
1103 2179 1194 2250 sit,
1229 2184 1419 2236 tamen
1454 2178 1677 2236 videtur
1701 2181 1777 2236 M.
1806 2181 2023 2264 Tullius
2053 2183 2245 2239 clienti

225 2266 328 2305 suo
371 2267 488 2305 non
531 2251 650 2305 sine
693 2251 844 2306 iusta
889 2268 1059 2306 causa
1114 2252 1174 2305 in
1226 2252 1314 2306 ius
1368 2252 1593 2319 eductn,
1651 2252 1749 2307 sed
1800 2251 1994 2322 iniqua
2053 2256 2246 2310 tamen

225 2322 443 2379 ratione
479 2322 615 2376 iuris
652 2337 937 2404 oppresso,
972 2322 1253 2392 praesidio
1290 2322 1480 2392 fuisse,
1518 2324 1668 2391 quod
1705 2323 2017 2380 orationem
2042 2329 2245 2395 postea

226 2392 581 2462 conscripsit,
620 2392 995 2463 conscriptam
1028 2394 1179 2449 foras
1217 2392 1384 2447 dedit.

406 2640 582 2718 Quae
617 2663 720 2707 res
765 2642 835 2706 in
878 2641 1143 2707 civitate
1188 2642 1350 2707 duae
1393 2642 1749 2726 plurimum
1791 2649 2085 2728 possunt,
2132 2666 2244 2710 eae
2282 2626 2321 2751 ξ

223 2734 457 2798 contra
508 2751 629 2794 nos
690 2730 919 2794 ambae
980 2728 1228 2796 faciunt
1291 2730 1360 2794 in
1420 2729 1545 2795 hoc
1606 2734 1928 2817 tempore,
1991 2753 2246 2798 summa

224 2818 446 2905 gratia
472 2821 539 2882 et
566 2817 962 2902 eloquentia;
1000 2839 1274 2901 quarum
1309 2818 1604 2901 alteram,
1631 2817 1702 2883 O.
1730 2818 1973 2905 Aquili,
2001 2842 2246 2905 vereor,

223 2907 505 2971 alteram
550 2909 789 2972 metuo.
867 2904 1262 2989 Eloquentia
1303 2905 1377 2982 Q.
1411 2905 1725 2971 Hortensi
1768 2928 1851 2972 ne
1897 2929 2000 2972 me
2036 2908 2107 2971 in
2151 2908 2246 2975 di-

163 3020 193 3060 5
223 2995 448 3061 cendo
456 2994 786 3078 impediat,
811 3015 945 3058 non
970 2993 1137 3058 nihil
1164 3015 1593 3079 commoveor,
1629 2995 1847 3080 gratia
1874 2993 2014 3059 Sex,
2036 2993 2247 3063 Naevi

219 3105 305 3148 ne
349 3081 422 3146 P.
468 3081 769 3158 Quinctio
822 3085 1082 3166 noceat,
1133 3081 1201 3147 id
1255 3103 1407 3148 vero
1461 3103 1594 3147 non
1650 3083 2060 3147 mediocriter
2102 3105 2244 3167 per-

220 3171 514 3237 timesco.
585 3168 813 3255 Neque
853 3170 978 3236 hoc
1013 3173 1200 3235 tanto
1238 3191 1432 3255 opere
1471 3171 1864 3254 querendum
1900 3169 2316 3257 videretur,2

219 3257 385 3325 haec
441 3280 696 3324 summa
748 3259 819 3322 in
869 3258 1004 3322 illis
1060 3280 1228 3344 esse,
1283 3259 1340 3323 si
1396 3259 1466 3322 in
1508 3258 1698 3323 nobis
1746 3261 1961 3322 essent
2007 3259 2245 3326 saltem

220 3346 602 3431 mediocria3
646 3368 870 3413 verum
916 3346 1012 3411 ita
1058 3368 1126 3413 se
1172 3368 1274 3412 res
1322 3346 1539 3429 habet,
1585 3350 1659 3410 ut
1703 3367 1844 3432 eg0,
1891 3346 2003 3430 qui
2037 3370 2245 3435 neque

135 3458 189 3500 10
218 3456 347 3500 usu
393 3435 555 3501 satis
602 3439 668 3499 et
712 3434 972 3521 ingenio
1019 3457 1250 3520 parum
1294 3454 1590 3518 possum,
1640 3455 1785 3499 cum
1829 3439 2108 3518 patrono
2156 3438 2246 3502 di·

221 3524 588 3589 sertissimo
645 3544 1007 3608 comparer,
1070 3522 1140 3587 P.
1187 3522 1551 3606 Quinctius,
1613 3521 1716 3587 cui
1780 3526 2006 3613 tenues
2070 3546 2246 3609 opeS,
2311 3579 2315 3582 .

331 3635 600 3679 cro.11.1.
1788 3633 1813 3678 1
