2566 4016
281 158 371 221 40
618 155 762 211 PRO
802 156 952 211 SEX.
990 155 1247 212 ROSCIO
1295 155 1634 210 AMERINO
1673 154 1962 209 ORATIO.

282 302 351 365 in
397 322 648 386 ‘magna
703 301 956 365 familia
1010 302 1121 383 qui
1174 300 1495 365 neminem
1542 320 1749 383 neque
1796 322 2052 364 servum
2096 323 2307 385 neque

178 412 245 459 23
286 389 593 470 libertum
650 389 1020 472 improbum
1073 388 1334 453 habeat.
1422 386 1680 452 Interea
1723 387 1850 452 iste
1897 386 1968 452 T.
2014 386 2308 472 Roscius,

282 476 383 540 vir
445 476 757 560 optimus,
810 480 1193 560 procurator
1240 474 1677 562 Chrysogoni,
1732 474 2067 540 Ameriam
2111 478 2308 562 venit,

282 565 352 627 in
407 564 672 647 praedia
725 564 917 628 huius
972 564 1250 647 invadit,
1307 563 1479 628 hunc
1534 563 1868 646 miserum,
1931 563 2112 629 luctu
2165 587 2307 649 per-

285 651 510 734 ditum,
558 652 668 735 qui
712 652 999 716 nondum
1045 652 1246 716 etiam
1294 652 1512 716 omnia
1556 655 1830 736 paterno
1874 650 2088 715 funeri
2132 652 2307 718 iusta
2334 672 2362 712 5

285 738 608 822 solvisset,
651 738 894 803 nudum
942 739 1091 804 eicit
1138 740 1329 805 domo
1377 743 1570 823 atque
1607 738 1768 804 focis
1806 738 2039 823 patriis
2079 740 2306 824 disque

284 827 627 911 penatibus
666 827 1105 911 praecipitem,
1140 827 1404 911 iudiceS,
1441 827 1763 911 exturbat,
1807 827 1948 911 ipse
1985 828 2307 911 amplissi-

285 936 430 978 mae
502 916 811 999 pecuniae
880 915 957 978 fit
1015 914 1332 980 dominus.
1441 914 1565 989 Qui
1627 916 1697 979 in
1761 936 1878 978 sua
1941 935 2012 979 re
2073 915 2306 980 fuisset

286 1002 771 1087 egentissimus,
826 1006 994 1086 erat,
1052 1007 1125 1068 ut
1178 1004 1282 1085 fit,
1334 1002 1622 1068 insolens
1677 1003 1747 1066 in
1801 1002 2042 1085 aliena3
2094 1003 2304 1067 multa

284 1091 503 1173 palam
552 1089 815 1155 domum
871 1113 1056 1155 suam
1102 1091 1464 1173 auferebat,
1515 1090 1705 1174 plura
1752 1091 1921 1155 clam
1968 1091 2044 1154 de
2086 1090 2300 1155 medio
2332 1110 2385 1149 ιο

285 1179 679 1261 removebat,
725 1199 856 1243 non
900 1200 1107 1262 pauca
1144 1179 1278 1243 suis
1317 1178 1722 1243 adiutoribus
1760 1179 1944 1263 large
1982 1177 2303 1261 effuseque

283 1265 590 1350 donabat,
637 1267 889 1351 reliqua
934 1267 1295 1332 constituta
1340 1266 1637 1332 auctione
1683 1266 2021 1330 vendebat.

206 1338 246 1400 9
418 1353 603 1428 Quod
651 1355 976 1419 Amerinis
1022 1376 1227 1438 usque
1273 1376 1350 1419 eo
1398 1354 1610 1419 visum
1657 1358 1758 1418 est
1809 1353 2176 1439 indignum,
2233 1358 2308 1420 ut

179 1415 247 1461 24
286 1441 444 1505 urbe
515 1444 660 1506 tota
730 1442 920 1507 fletus
994 1443 1402 1528 gemitusque
1464 1442 1665 1506 fieret.
1763 1440 2026 1506 Etenim
2097 1443 2307 1507 multa

286 1528 478 1591 simul
526 1533 676 1593 ante
724 1532 941 1595 oculos
987 1531 1444 1612 versabantur,
1505 1551 1680 1594 mors
1737 1529 2019 1594 hominis
2074 1530 2304 1595 floren-
2333 1546 2386 1587 1⁵

284 1616 523 1683 tissimi
543 1614 683 1681 Sex.
700 1616 896 1683 Rosci
915 1618 1377 1700 crudelissima,
1394 1618 1515 1681 filii
1535 1621 1751 1682 autem
1777 1618 1912 1682 eius
1933 1622 2192 1703 egestas
2212 1619 2305 1682 in-

286 1704 685 1789 dignissima,
722 1706 825 1771 cui
853 1705 929 1770 de
957 1709 1145 1771 tanto
1172 1706 1568 1791 patrimonio
1596 1706 1834 1789 praedo
1863 1705 1988 1770 iste
2014 1705 2300 1770 nefarius

283 1813 364 1855 ne
426 1792 552 1857 iter
617 1793 874 1893 quidem
940 1793 1021 1858 ad
1087 1793 1501 1878 sepulchrum
1562 1794 1848 1894 patrium
1913 1793 2305 1878 reliquisset,

283 1880 600 1945 bonorum
648 1881 890 1965 emptio
937 1882 1292 1966 flagitiosa,
1346 1882 1702 1966 possessio,
1756 1881 1959 1963 furta,
2017 1882 2305 1965 rapinae,

285 1966 681 2034 donationes.
735 1967 946 2035 Nemo
975 1974 1135 2054 erat,
1164 1970 1275 2054 qui
1301 1992 1436 2036 non
1454 1970 1677 2035 ardere
1703 1970 1819 2035 illa
1837 1969 2056 2034 omnia
2074 1970 2306 2035 mallet
2335 1985 2388 2026 20

284 2078 477 2139 quam
531 2059 749 2123 videre
803 2059 873 2123 in
911 2056 1059 2123 Sex.
1115 2058 1337 2138 Rosci,
1392 2058 1516 2123 viri
1571 2059 1804 2142 optimi
1857 2061 2051 2140 atque
2107 2057 2305 2122 hone-

284 2145 582 2230 stissimi,
647 2146 837 2211 bonis
881 2146 1229 2210 iactantem
1298 2168 1366 2210 se
1422 2168 1496 2211 ac
1551 2146 1991 2211 dominantem
2047 2143 2118 2208 T.
2175 2144 2304 2209 Ro-

178 2255 246 2303 25
285 2233 505 2297 scium.
614 2232 846 2316 Itaque
908 2233 1322 2297 decurionum
1386 2234 1713 2300 decretum
1773 2233 1998 2298 statim
2062 2233 2168 2316 fit,
2230 2237 2306 2297 ut

284 2320 502 2382 decem
555 2321 751 2404 primi
803 2321 1298 2404 proficiscantur
1352 2322 1434 2387 ad
1478 2321 1549 2387 L.
1596 2319 1846 2386 Sullam
1902 2321 2303 2405 doceantque

284 2427 447 2489 eum,
494 2407 605 2490 qui
640 2408 741 2477 vir
768 2405 909 2472 Sex.
937 2408 1208 2474 Roscius
1243 2409 1468 2492 fuerit,
1515 2412 1991 2492 conquerantur
2029 2409 2107 2474 de
2143 2409 2302 2474 isto·
2330 2425 2384 2466 2⁵

281 2516 426 2558 rum
457 2496 692 2559 scelere
720 2500 786 2560 et
812 2496 1084 2580 iniuriis,
1120 2502 1329 2581 orent,
1366 2501 1442 2561 ut
1470 2501 1536 2561 et
1562 2498 1742 2561 illius
1779 2497 2021 2562 mortui
2056 2497 2303 2561 famam

284 2586 349 2646 et
402 2582 523 2646 filii
576 2583 938 2649 innocentis
992 2585 1292 2651 fortunas
1353 2589 1769 2651 conservatas
1814 2585 1993 2649 velit.
2083 2585 2303 2668 Atque

281 2670 494 2755 ipsum
551 2671 904 2756 decretum,
960 2694 1227 2756 quaeso,
1278 2672 1668 2759 cognoscite.
1757 2689 2135 2737 DECRETUM
2180 2691 2304 2737 DE-

282 2776 659 2824 cnmomm.
768 2760 1001 2848 Legati
1072 2762 1142 2825 in
1205 2765 1421 2826 castra
1484 2760 1768 2825 veniunt.
1867 2759 2302 2846 Intellegitur‚

280 2847 548 2932 iudiceS,
603 2848 671 2911 id
731 2850 904 2933 quod
956 2849 1089 2914 iam
1136 2854 1287 2914 ante
1335 2849 1493 2933 dixi,
1546 2849 1955 2933 imprudente
1999 2847 2070 2912 L.
2118 2846 2303 2912 Sulla
2331 2865 2387 2905 ⁸⁰

281 2936 525 3001 scelera
560 2936 721 3002 haec
758 2942 824 3002 et
860 2937 1116 3023 flagItia
1151 2937 1311 3001 fieri.
1383 2934 1556 3001 Nam
1584 2937 1812 3001 statim
1839 2935 2304 3036 Chrysogonus

280 3026 382 3087 et
380 3023 522 3108 ipse
560 3024 642 3088 ad
679 3046 789 3090 eos
828 3025 1075 3090 accedit
1110 3030 1177 3090 et
1212 3025 1508 3090 homines
1550 3025 1807 3089 nobiles
1855 3025 2103 3109 allegat
2150 3023 2308 3106 [iis],

280 3111 391 3194 qui
426 3116 743 3197 peterent,
778 3135 859 3177 ne
898 3113 981 3177 ad
1009 3109 1259 3177 Sullam
1289 3112 1560 3196 adirent,
1598 3116 1664 3177 et
1693 3112 1911 3178 omnia
1940 3109 2308 3197 Chrysogo-

171 3218 240 3269 26
276 3221 460 3282 num,
517 3222 680 3284 quae
726 3202 997 3283 vellent,
1054 3221 1194 3265 esse
1239 3199 1566 3265 facturum
1609 3201 2089 3285 pollicerentur.
2176 3198 2308 3264 Us-

279 3309 402 3371 que
441 3288 599 3351 adeo
639 3293 857 3354 autem
894 3289 1008 3352 ille
1044 3288 1492 3373 pertimuerat,
1528 3291 1605 3352 ut
1641 3290 1808 3354 mori
1846 3289 2076 3352 mallet
2110 3308 2306 3370 quam
2336 3303 2391 3346 ³5

278 3374 356 3437 de
417 3373 522 3438 his
584 3375 780 3440 rebus
837 3375 1090 3441 Sullam
1146 3376 1376 3442 doceri.
1475 3375 1791 3441 Homines
1849 3375 2128 3459 antiqui,
2194 3375 2308 3458 qui

278 3482 355 3525 ex
403 3483 521 3525 sua
564 3468 801 3529 natura
837 3469 1084 3529 ceteros
1132 3464 1482 3550 fingerent,
1539 3486 1686 3529 cum
1729 3465 1842 3529 ille
1889 3464 2311 3545 confirmaret
