2566 4016
724 216 859 274 LIB.
896 217 976 270 III
1040 216 1195 271 CAP.
1237 222 1445 272 16-18
1483 224 1514 283 ξ
1550 224 1777 273 42-47.
2122 221 2249 284 287

229 384 423 427 nemo
477 382 791 444 umquam
845 365 998 444 post
1050 360 1389 425 hominum
1444 362 1823 425 memoriam
1867 363 2050 448 fecit,
2107 388 2252 430 cum

234 450 415 515 sibi
398 471 467 513 111
510 448 913 531 provinciam
957 448 1491 532 proficiscendum
1537 451 1818 533 putaret,
1865 452 2122 517 litteras
2171 455 2251 518 ad

234 536 494 604 Siciliae
536 536 835 602 civitates
882 536 1163 619 miserit,
1207 558 1325 621 per
1372 558 1533 620 quas
1578 536 1883 602 hortatur
1931 545 1996 603 et
2040 546 2252 626 rogat,

234 630 308 694 ut
364 629 575 707 arent,
628 629 702 689 ut
758 628 995 689 serant.
1092 623 1171 689 In
1224 625 1536 690 beneficio
1591 629 1855 709 praetor
1908 626 2032 692 hoc
2086 629 2252 710 petit

181 735 207 776 5
236 715 572 799 aliquanto
631 717 783 777 ante
840 713 1189 779 adventum
1247 734 1436 778 suum
1492 717 1557 777 et
1609 713 1802 777 simul
1851 715 2136 779 ostendit
2184 738 2252 780 se

234 804 378 887 lege
425 800 774 866 Hieronica
827 801 1268 884 venditurum,
1322 800 1446 865 hoc
1502 805 1602 865 est
1656 801 1727 864 in
1777 803 1955 866 omni
1999 804 2252 868 ratione

233 892 647 956 decumarum
700 888 869 954 nihil
912 888 1104 953 istius
1152 889 1366 953 simile
1409 888 1754 955 facturum.
1827 890 2047 974 Atque
2091 891 2252 957 haec

230 1000 364 1046 non
410 977 766 1063 cupiditate
812 976 1032 1060 aliqua
1079 977 1307 1042 scribit
1351 976 1650 1041 inductus
1661 1027 1680 1061 ,
1732 981 1807 1040 ut
1851 978 1921 1041 in
1969 979 2250 1044 alienam

232 1066 634 1151 provinciam
680 1065 906 1130 mittat
961 1065 1218 1129 litteras
1265 1069 1416 1129 ante
1461 1069 1748 1149 tempus,
1803 1065 1914 1130 sed
1961 1068 2252 1152 consilio,

155 1177 208 1217 ιο
232 1176 342 1238 ne,
398 1154 454 1218 si
506 1158 764 1238 tempus
820 1153 1094 1218 sationis
1148 1153 1594 1236 praeterisset,
1649 1174 1925 1238 granum
1981 1177 2058 1218 ex
2107 1177 2252 1238 pro-

232 1242 445 1307 vincia
493 1240 715 1307 Sicilia
765 1242 1019 1306 nullum
1068 1240 1475 1305 haberemus
1568 1239 1954 1325 Cognoscite
1999 1241 2252 1306 Metelli
2287 1258 2356 1306 45

234 1330 511 1394 litteras.
592 1329 838 1396 Recita.
919 1328 1274 1394 EPISTULA
1320 1328 1392 1393 L.
1429 1328 1772 1394 METELLI.

367 1417 510 1482 Hae
575 1417 860 1502 litterae,
928 1417 1196 1501 iudices,
1260 1416 1333 1481 L.
1389 1416 1668 1499 Metelli,
1734 1439 1893 1500 quas
1960 1418 2251 1502 audistiS,
2275 1419 2356 1483 18

233 1506 389 1591 hoc,
439 1511 756 1591 quantum
812 1510 911 1570 est
967 1528 1045 1571 ex
1100 1502 1323 1570 Sicilia
1375 1504 1686 1569 frumenti
1733 1505 2094 1590 hornotini,
2151 1528 2252 1571 ex-

154 1616 207 1656 15
236 1599 611 1679 araverunt3
666 1594 929 1681 glebam
984 1596 1378 1659 commosset
1429 1592 1500 1656 in
1550 1613 1710 1678 agro
1759 1592 2111 1659 decumano
2161 1592 2253 1657 Si-

234 1683 420 1748 ciliae
463 1705 673 1766 nemo,
721 1683 776 1746 si
812 1682 1117 1747 Metellus
1162 1682 1332 1746 hanc
1378 1681 1726 1764 epistulam
1770 1703 1904 1746 non
1949 1682 2253 1747 misisset.

236 1769 446 1845 Quid?
519 1770 789 1834 Metello
847 1770 1153 1835 divinitus
1198 1770 1324 1835 hoc
1369 1769 1549 1834 venit
1593 1769 1664 1832 in
1707 1772 1991 1833 mentem
2038 1792 2123 1834 an
2168 1771 2251 1835 ab

236 1856 489 1938 SicuIiS,
536 1857 648 1939 qui
681 1858 961 1921 Romam
1002 1857 1516 1940 frequentissimi
1559 1861 2009 1940 convenerant,
2052 1880 2253 1943 nego-

236 1906 714 2028 tiatoribusque
754 1943 1010 2010 Siciliae
1050 1945 1274 2010 doctus
1323 1946 1464 2011 est‘?
1512 1967 1786 2029 quorum
1833 1946 2062 2029 quanti
2108 1968 2252 2012 con·

151 2055 209 2094 20
236 2037 469 2100 ventus
528 2033 609 2097 ad
653 2032 1026 2116 MarceIIOS,
1083 2033 1570 2116 antiquissimos
1619 2031 1876 2099 Siciliae
1921 2039 2252 2120 patronos,

177 2122 466 2206 quanti
512 2122 593 2186 ad
640 2119 755 2186 On.
790 2120 1172 2221 Pompeium
1222 2123 1416 2201 [tum]
1465 2122 1795 2187 consulem
1842 2122 2251 2207 designatum

236 2214 613 2293 ceterosque
650 2209 829 2273 illius
866 2208 1236 2293 provinciae
1272 2210 1671 2274 necessarios
1707 2211 1850 2274 fieri
1886 2211 2066 2275 soliti
2103 2211 2252 2297 sint,

238 2298 382 2381 quis
439 2298 743 2383 ignorat?
809 2296 981 2381 quod
1036 2296 1321 2381 quidem,
1385 2296 1651 2381 iudices,
1705 2300 1888 2363 nullo
1942 2322 2251 2402 umquam

236 2386 315 2450 de
369 2385 630 2451 homine
682 2386 930 2450 factum
986 2389 1112 2469 est,
1166 2388 1240 2449 ut
1299 2384 1531 2449 absens
1584 2391 1995 2452 accusaretur
2041 2389 2124 2453 ab
2169 2389 2252 2453 iis

152 2492 207 2533 25
235 2474 474 2559 palam,
517 2496 792 2557 quorum
828 2475 899 2539 in
934 2474 1107 2539 bona
1141 2473 1511 2557 liberosque
1549 2496 1872 2539 summum
1908 2476 2252 2577 imperium

233 2567 757 2646 potestatemque
819 2562 1111 2627 haberet.
1212 2560 1425 2626 Tanta
1488 2562 1587 2626 vis
1652 2566 1792 2627 erat
1853 2563 2254 2650 iniuriarum,

233 2655 309 2714 ut
370 2650 666 2715 homines
733 2650 986 2734 quidvis
1041 2649 1296 2734 perpeti
1350 2671 1546 2749 quam
1599 2671 1731 2714 non
1786 2650 1862 2713 de
1911 2651 2103 2715 istius
2158 2653 2251 2715 in-

236 2737 565 2821 probitate
604 2739 940 2821 deplorare
978 2742 1046 2801 et
1081 2737 1389 2820 conqueri
1425 2738 1715 2801 mallent.
1782 2735 1954 2811 Quas
1994 2738 2249 2804 litteras
2287 2755 2354 2803 46

237 2845 383 2888 cum
452 2824 532 2887 ad
601 2825 810 2888 omnis
880 2826 1178 2890 civitates
1247 2846 1450 2908 prope
1519 2825 1898 2908 suppliciter
1966 2825 2252 2890 misisset

152 2932 208 2972 so
234 2911 541 2978 Metellus
550 2960 568 2993 ,
622 2914 842 2976 tamen
898 2913 1238 2995 antiquum
1295 2912 1557 2976 modum
1614 2912 1885 2976 sationis
1940 2913 2125 2977 nulla
2175 2935 2252 2978 ex

234 3003 423 3085 parte
480 2998 746 3082 adsequi
798 2999 1041 3082 potuit3
1107 3000 1499 3085 diffugerant
1554 2999 1725 3062 enim
1786 3000 2123 3083 permulti,
2183 3001 2252 3065 id

236 3088 409 3171 quod
447 3087 803 3169 ostendam,
849 3108 966 3151 nec
1012 3087 1222 3151 solum
1272 3087 1617 3170 arationeS,
1664 3086 1776 3150 sed
1823 3087 2020 3151 etiam
2068 3087 2250 3152 sedes

236 3197 387 3242 suas
434 3175 683 3260 patrias
730 3173 920 3238 istius
966 3173 1219 3237 iniuriis
1268 3174 1586 3259 exagitati
1632 3174 2047 3257 reliquerant.

367 3263 520 3329 Non
574 3262 973 3328 mehercules
1030 3261 1310 3346 augendi
1365 3262 1650 3326 criminis
1707 3283 1926 3345 causa,
1989 3262 2252 3348 iudices,

154 3369 216 3412 35·
238 3352 467 3435 dicam,
510 3351 639 3435 sed,
688 3373 879 3435 quem
915 3350 1057 3436 ipse
1096 3349 1312 3432 accepi
1350 3350 1553 3414 oculis
1593 3349 1935 3433 animoque
1975 3373 2252 3436 sensum,

234 3440 407 3506 hunc
434 3462 581 3504 vere
611 3439 779 3523 apud
812 3461 928 3504 vos
966 3441 1049 3523 et,
1084 3442 1159 3502 ut
1194 3441 1442 3521 potero,
1476 3438 1875 3523 planissume
1915 3461 2247 3525 exponam.

233 3525 409 3592 Nam
455 3549 601 3591 cum
648 3527 1067 3611 quadriennio
1113 3528 1266 3611 post
1312 3526 1381 3593 in
1429 3525 1716 3593 Siciliam
1761 3528 2110 3612 venissem,
2158 3529 2249 3593 sic
2286 3539 2354 3588 47
