2566 4016
703 224 918 280 ΜΒΝ
980 224 1134 280 CAP.
1172 192 1450 290 ‹ss-655
1492 231 1784 282 164—168.
2034 206 2037 211 ’
2119 226 2249 292 491

241 369 608 435 Romanum
654 390 722 434 se
768 389 908 433 esse
956 368 1227 434 dicebat.
1303 365 1373 432 Si
1417 373 1492 433 tu
1538 368 1709 452 apud
1744 367 1976 435 Persas
2024 375 2138 436 aut
2183 371 2254 436 in

243 461 531 523 extrema
610 456 797 521 India
881 456 1258 540 deprensus,
1339 454 1576 520 Verres
1587 507 1605 540 ,
1694 456 1776 521 ad
1862 458 2250 541 supplicium

243 546 569 629 ducerem,
633 544 788 630 quid
851 544 1027 609 aliud
1084 543 1482 628 clamitares,
1543 544 1673 608 nisi
1726 549 1794 609 te
1849 544 2055 609 civem
2112 568 2251 611 esse

241 632 652 699 Romanum?
699 637 782 716 et,
828 632 886 697 si
921 632 1045 698 tibi
1080 632 1308 716 ignoto
1346 631 1518 716 apud
1562 633 1845 717 ignotos,
1892 632 2066 717 apud
2107 633 2252 699 bar·

187 739 215 781 ⁶
242 722 466 806 barOS,
521 721 692 805 apud
744 720 1040 786 homines
1093 721 1164 784 in
1208 720 1515 785 extremis
1561 725 1755 804 atque
1800 721 2051 785 ultimis
2100 742 2252 808 gen-

240 810 419 874 tibus
477 809 733 910 positos
796 808 1015 874 nobile
1081 812 1148 874 et
1200 808 1456 874 illustre
1512 808 1684 892 apud
1738 829 1960 876 omnes
2015 831 2254 874 nomen

242 897 526 963 civitatis
573 901 724 963 tuae
768 896 1147 981 profuisset,
1200 896 1341 980 ille,
1390 896 1680 980 quisquis
1728 901 1895 980 erat,
1943 918 2133 981 quem
2179 902 2254 962 tu

238 986 309 1050 in
346 1006 599 1050 crucem
633 985 953 1071 rapiebas,
1000 984 1111 1068 qui
1148 984 1273 1048 tibi
1311 989 1482 1049 esset
1525 985 1808 1070 ignotus,
1855 1006 1999 1050 cum
2046 986 2252 1051 civem

242 1094 311 1138 se
356 1071 721 1137 Romanum
769 1093 910 1136 esse
957 1071 1223 1154 diceret,
1279 1072 1451 1156 apud
1496 1076 1561 1136 te
1605 1076 1974 1156 praetorem
2021 1074 2079 1139 si
2120 1095 2255 1139 non

160 1179 215 1221 10
243 1159 580 1260 effugium,
633 1179 715 1224 ne
769 1180 1019 1224 moram
1076 1121 1334 1243 quidem
1389 1159 1617 1225 mortis
1674 1160 2001 1225 mentione
2057 1165 2252 1245 atque

240 1247 664 1332 usurpatione
692 1246 976 1312 civitatis
1006 1247 1265 1330 assequi
1300 1247 1560 1331 potuit?
1638 1246 1950 1313 Homines
1990 1253 2214 1314 tenues
2273 1224 2359 1288 65

241 1336 516 1401 obscuro
561 1335 703 1400 loco
747 1335 891 1399 nati
933 1334 1274 1420 navigant,
1332 1335 1569 1400 adeunt
1615 1335 1697 1400 ad
1745 1357 1821 1401 ea
1864 1337 2035 1419 loca,
2087 1358 2251 1422 quae

238 1445 595 1506 numquam
634 1427 824 1488 antea
858 1422 1175 1506 viderunt,
1221 1423 1334 1487 ubi
1372 1444 1579 1506 neque
1613 1424 1758 1488 noti
1793 1445 1935 1489 esse
1975 1425 2076 1509 iis,
2123 1447 2250 1510 quo

241 1514 570 1594 venerunt,
607 1532 814 1594 neque
846 1531 1098 1594 semper
1127 1533 1273 1575 cum
1301 1511 1747 1596 cognitoribus
1781 1534 1922 1577 esse
1958 1518 2251 1598 possunt.

156 1617 212 1659 ιε
238 1599 379 1665 Hac
405 1620 536 1664 una
562 1603 783 1664 tamen
809 1599 1044 1664 fiducia
1072 1598 1358 1664 civitatis
1387 1621 1520 1664 non
1546 1599 1740 1665 modo
1780 1601 1952 1684 apud
1987 1606 2248 1666 nostros

238 1688 664 1772 magistratus
673 1737 691 1770 ,
748 1687 858 1770 qui
913 1691 979 1751 et
1034 1687 1254 1772 legum
1306 1689 1372 1750 et
1419 1685 1918 1752 existimationis
1962 1688 2249 1771 periculo

239 1775 678 1856 continentur,
739 1796 946 1858 neque
993 1775 1174 1874 ’apud
1227 1773 1398 1838 cives
1455 1774 1669 1837 solum
1722 1773 2078 1857 Romanos,
2140 1776 2251 1859 qui

239 1866 306 1927 et
376 1861 693 1926 sermonis
758 1864 824 1924 et
884 1861 1045 1924 iuris
1110 1864 1176 1924 et
1239 1861 1595 1924 multarum
1657 1878 1875 1925 rerum
1938 1862 2250 1929 societate

238 1949 442 2015 iuncti
480 1951 649 2032 sunt,
693 1946 833 2013 fore
872 1969 940 2013 se
975 1951 1154 2014 tutos
1203 1948 1626 2033 arbitrantur,
1672 1948 1800 2033 sed,
1848 1971 2250 2036 quocumque

152 2058 211 2099 20
239 2038 552 2121 venerint,
579 2037 747 2102 hanc
772 2036 898 2100 sibi
921 2057 1057 2101 rem
1082 2035 1406 2121 praesidio
1432 2042 1700 2121 sperant
1724 2040 1918 2119 [esse]
1943 2039 2249 2105 futuram.

2257 1300 2357 1351 167

238 2121 424 2192 Tolle
479 2126 645 2191 hanc
700 2145 910 2210 spem,
965 2124 1126 2189 tolle
1179 2125 1303 2190 hoc
1358 2124 1751 2209 praesidium
1795 2125 2043 2192 civibus
2090 2127 2215 2193 Ro-
2255 2141 2356 2192 168

238 2214 475 2298 maniS,
531 2212 854 2279 constitue
897 2211 1063 2277 nihil
1108 2233 1248 2277 esse
1296 2211 1438 2295 opis
1484 2213 1556 2277 in
1597 2212 1720 2278 hac
1764 2235 1949 2279 voce:
2006 2213 2249 2279 ‘Civis

237 2302 621 2367 Romanus
670 2298 882 2382 sum',
927 2321 1118 2386 posse
1163 2300 1426 2385 impune
1473 2304 1840 2401 praetorem
1888 2306 2001 2367 aut
2047 2303 2247 2368 alium

241 2389 597 2474 quemlibet
635 2387 1042 2473 supplicium,
1088 2388 1261 2473 quod
1308 2389 1484 2471 velit,
1529 2389 1599 2452 in
1644 2410 1790 2455 eum
1837 2390 2248 2474 constituere,

150 2494 209 2538 2⁵
239 2478 350 2563 qui
414 2498 483 2542 se
547 2477 752 2543 civem
811 2475 1176 2541 Romanum
1240 2498 1380 2542 esse
1443 2439 1640 2561 dicat,
1706 2477 1903 2563 quod,
1968 2479 2080 2563 qui
2143 2479 2248 2563 sit,

236 2567 518 2652 ignoret:
564 2566 695 2630 iam
733 2585 956 2630 omnes
995 2564 1379 2649 provincias,
1424 2565 1556 2629 iam
1595 2567 1812 2631 omnia
1849 2588 2069 2652 regna,
2115 2568 2247 2631 iam

238 2671 461 2719 omnes
501 2653 743 2718 liberas
791 2653 1106 2742 civitateS,
1152 2654 1285 2718 iam
1332 2675 1588 2719 omnem
1637 2655 1862 2719 orbem
1906 2659 2247 2737 terrarum,

238 2740 351 2824 qui
387 2761 640 2823 semper
684 2737 927 2804 nostris
973 2741 1346 2806 hominibus
1393 2742 1672 2805 maxime
1717 2742 1952 2825 patuit,
1999 2740 2245 2806 civibus

237 2826 551 2892 Romanis
615 2827 745 2890 ista
809 2826 1175 2892 defensione
1238 2827 1682 2910 praecluseris.
1784 2827 1997 2904 Quid?
2062 2829 2119 2892 si
2175 2829 2247 2894 L.

151 2934 209 2976 so
236 2914 564 2996 Raecium,
609 2913 891 2998 equitem
933 2913 1318 2997 Romanum,
1367 2914 1477 2999 qui
1520 2917 1662 2979 tum
1708 2915 1775 2979 in
1824 2915 2044 2981 Sicilia
2089 2921 2248 2994 erat,

234 3003 644 3085 nominabat,
716 3000 996 3066 etiamne
1068 3001 1136 3065 id
1207 3021 1518 3086 magnum
1581 3001 1735 3085 fuit,
1807 3001 2248 3069 Panhormum

233 3091 492 3155 litteras
578 3088 885 3153 mittere?
1009 3088 1433 3154 Asservasses
1519 3090 1849 3155 hominem
1935 3091 2245 3156 custodiis

231 3178 771 3244 Mamertinorum
833 3181 1122 3261 tuorum,
1184 3177 1475 3243 vinctum
1540 3178 1830 3243 clausum
1890 3179 2248 3265 habuisses,

110 3332 113 3335 ,
234 3268 387 3332 dum
416 3265 787 3331 Panhormo
816 3264 1091 3331 Raecius
1128 3265 1405 3348 veniret3
1443 3272 1861 3352 cognosceret
1897 3266 2247 3352 hominem,

145 3372 204 3415 ³5
235 3354 481 3440 aliquid
536 3354 613 3419 de
670 3376 922 3419 summo
980 3353 1297 3439 supplicio
1343 3354 1736 3439 remitteres3
1792 3355 1850 3419 si
1893 3355 2245 3441 ignoraret,

232 3447 399 3527 tum,
462 3442 519 3507 si
571 3442 667 3507 ita
721 3443 846 3507 tibi
900 3441 1251 3525 videretur,
1307 3441 1431 3507 hoc
1485 3442 1644 3508 iuris
1700 3443 1770 3508 in
1825 3464 2045 3509 omnes
2102 3465 2247 3509 con-

234 3531 555 3614 stituereS,
601 3535 715 3619 ut,
740 3530 851 3615 qui
894 3551 1103 3616 neque
1148 3530 1272 3595 tibi
1316 3533 1512 3596 notus
1560 3534 1733 3597 esset
1777 3553 1984 3617 neque
2031 3532 2247 3617 cogni-
