2566 4016
902 212 1054 270 cAP.
1098 220 1307 271 14-17
1342 220 1374 280 5
1410 221 1636 270 42—51.
2148 220 2272 286 137

251 356 447 421 metsi
508 376 642 421 non
703 355 1207 441 reprehendunt,
1268 361 1490 424 tamen
1560 381 1801 445 magno
1856 382 2048 447 opere
2103 365 2276 447 quod

250 444 539 529 laudent,
581 464 716 509 non
758 443 1030 529 habent3
1076 446 1261 511 nulla
1306 450 1408 511 est
1453 447 1625 512 enim
1670 447 1813 513 laus
1857 449 1954 515 ibi
1998 471 2138 516 esse
2182 452 2274 517 in-

248 538 536 619 tegrum,
599 531 715 596 ubi
774 553 966 597 nemo
1031 536 1158 617 est,
1220 534 1334 617 qui
1396 538 1512 600 aut
1572 536 1785 619 possit
1840 541 1954 602 aut
2009 542 2276 605 conetur

217 639 233 658 ³
251 641 681 704 corrumpere.
779 618 923 685 Hoc
977 624 1078 685 est
1128 620 1466 705 iudicium,
1526 623 1599 687 in
1653 646 1780 707 quo
1834 646 1951 690 vos
2008 626 2089 690 de
2144 648 2273 711 reo,
2309 643 2379 691 47

194 726 221 769 ⁶
251 706 1048 880 {cuffiam
1071 709 1993 866 smsszrssssfissfflssffissffiss
2011 713 2273 867 hffi‘ss

586 846 605 878 2

247 884 747 950 nocentissimus
832 883 1526 970 pecuniosissimusque
1599 886 1909 954 damnari.
2024 889 2272 955 Deinde

250 976 352 1037 est
403 972 540 1036 eius
597 971 773 1036 modi
826 993 1002 1056 reus,
1054 973 1125 1037 in
1179 994 1307 1058 quo
1366 974 1627 1040 homine
1670 976 1838 1042 nihil
1883 977 1971 1041 sit
2013 982 2273 1062 praeter

252 1082 506 1125 summa
551 1062 820 1144 peccata
864 1059 1340 1145 maximamque
1385 1063 1750 1147 pecuniam,
1794 1068 1886 1147 ut,
1932 1065 1989 1129 si
2035 1065 2272 1131 libera-

169 1166 222 1207 ιο
249 1153 356 1213 tus
415 1148 529 1230 sit,
581 1146 768 1213 nulla
824 1147 956 1211 alia
1011 1148 1293 1232 suspicio
1345 1150 1474 1213 nisi
1521 1172 1621 1234 ea,
1682 1172 1846 1234 quae
1892 1152 2273 1236 turpissima

250 1240 378 1315 est,
433 1234 713 1300 residere
757 1236 996 1319 possit3
1040 1256 1173 1300 non
1219 1237 1461 1321 gratia,
1505 1259 1639 1302 non
1684 1240 2070 1322 cognatione
2077 1251 2109 1323 ‚'
2138 1262 2271 1305 non

252 1323 402 1387 aliis
456 1325 630 1389 recte
681 1321 906 1406 factis,
957 1344 1090 1388 non
1146 1323 1419 1407 denique
1476 1324 1693 1409 aliquo
1737 1325 2055 1391 mediocri
2109 1328 2269 1393 vitio

248 1414 353 1476 tot
423 1413 738 1494 tantaque
811 1410 947 1476 eius
1019 1410 1183 1475 vitia
1255 1413 1595 1478 sublevata
1661 1434 1800 1478 esse
1863 1415 2269 1482 videbuntur.

248 1497 593 1565 Postremo
649 1519 771 1584 ego
827 1520 1090 1563 causam
1146 1500 1239 1564 sic
1294 1521 1514 1585 agam,
1575 1500 1845 1586 iudices,
1904 1504 2040 1569 eius
2094 1505 2270 1570 modi
2305 1520 2374 1569 48

170 1603 222 1645 15
249 1609 375 1672 res,
419 1588 518 1652 ita
560 1591 771 1670 notas,
815 1586 914 1650 ita
947 1591 1243 1671 testatas,
1289 1588 1386 1652 ita
1422 1610 1713 1675 magnas,
1757 1591 1855 1655 ita
1889 1592 2269 1659 manifestas

248 1675 607 1760 proferam,
660 1678 735 1738 ut
778 1695 970 1738 nemo
1019 1698 1058 1738 a
1102 1675 1290 1740 vobis
1297 1726 1315 1760 ,
1360 1682 1437 1741 ut
1478 1676 1681 1742 istum
1727 1678 2108 1763 absolvatis,
2153 1703 2271 1765 per

251 1763 536 1847 gratiam
599 1766 867 1827 conetur
930 1762 1332 1828 contendere.
1438 1763 1666 1830 Habeo
1736 1770 1953 1831 autem
2026 1773 2269 1833 certam

248 1850 428 1913 viam
473 1852 667 1931 ‚atque
711 1850 1061 1934 rationem,
1108 1872 1237 1934 qua
1277 1872 1505 1918 ⁸omnes
1550 1853 1815 1917 illorum
1861 1858 2131 1919 conatus
2176 1854 2270 1919 in-

250 1936 580 2022 vestigare
635 1939 704 2000 et
753 1938 1059 2022 consequi
1111 1938 1376 2023 possim.
1466 1938 1573 2003 Ita
1630 1961 1732 2002 res
1782 1963 1821 2004 a
1866 1962 1969 2003 me
2016 1945 2266 2027 agetur,

166 2043 222 2082 20
249 2031 326 2090 ut
367 2025 438 2089 in
483 2045 705 2090 eorum
750 2026 1036 2091 consiliis
1085 2027 1385 2091 omnibus
1429 2047 1561 2091 non
1605 2027 1797 2092 modo
1836 2050 2023 2093 aures
2060 2029 2264 2094 homi-

245 2135 429 2198 num,
490 2112 603 2178 sed
658 2113 858 2180 etiam
914 2114 1084 2178 oculi
1138 2118 1206 2178 et
1260 2135 1490 2179 manus
1548 2115 1864 2181 interesse
1909 2116 2269 2182 videantur.

246 2200 382 2267 Vos
444 2202 698 2285 aliquot
757 2201 892 2266 iam
954 2223 1071 2286 per
1135 2223 1340 2267 annos
1403 2206 1782 2287 conceptam
1843 2203 1995 2269 huic
2058 2205 2269 2270 ordini
2305 2222 2372 2270 49

246 2288 718 2374 turpitudinem
746 2293 940 2372 atque
966 2289 1306 2355 infamiam
1344 2290 1556 2355 delere
1594 2313 1668 2356 ac
1703 2291 1935 2357 tollere
1976 2295 2268 2378 potestis.

248 2377 524 2443 Constat
567 2377 742 2442 inter
786 2377 996 2441 omnis
1041 2383 1195 2461 post
1238 2378 1398 2443 haec
1438 2379 1798 2444 constituta
1830 2379 2084 2467 iudicia,
2129 2384 2270 2467 qui-

164 2481 220 2522 95
247 2467 369 2529 bus
421 2487 593 2530 nunc
646 2464 917 2549 utimur,
978 2466 1231 2529 nullum
1296 2466 1420 2530 hoc
1485 2467 1824 2550 splendore
1890 2473 2084 2554 atque
2147 2471 2270 2537 hac

248 2553 568 2638 dignitate
615 2552 958 2617 consilium
1002 2552 1218 2618 fuisse.
1292 2553 1418 2618 Hic
1463 2554 1521 2618 si
1568 2555 1722 2637 quid
1768 2557 1893 2620 erit
1934 2558 2268 2642 offensum,

248 2663 471 2705 omnes
515 2640 812 2705 homines
856 2661 989 2704 non
1032 2641 1168 2704 iam
1211 2662 1290 2704 ex
1331 2640 1554 2706 eodem
1594 2642 1814 2707 ordine
1853 2644 2019 2709 alios
2054 2646 2268 2731 magis

246 2727 541 2811 idoneos,
611 2727 781 2811 quod
845 2728 986 2792 fieri
1046 2748 1180 2793 non
1240 2733 1487 2812 potest,
1563 2730 1676 2793 sed
1739 2731 1939 2795 alium
2005 2732 2269 2796 omnino

250 2814 543 2880 ordinem
587 2815 667 2879 ad
709 2836 815 2887 res
859 2814 1254 2880 iudicandas-
1282 2816 1716 2899 quaerendum
1757 2818 2269 2885 arbitrabuntur.

164 2919 219 2959 ³0
248 2903 657 2988 Quapropter
684 2903 968 2988 primum
1004 2904 1087 2966 ab
1126 2902 1225 2968 dis
1260 2903 1762 2989 immortalibUS,
1800 2906 1972 2989 quod
2009 2927 2269 2990 sperare
2290 2889 2374 3013 15}

247 2991 409 3055 mihi
455 2990 694 3075 videor,
739 2990 864 3056 hoc
898 2989 1088 3074 idem,
1131 2990 1394 3075 iudices,
1438 2995 1613 3077 opt0‚
1657 2996 1732 3056 ut
1767 2992 1838 3057 in
1871 2993 1997 3057 hoc
2031 2993 2266 3061 iudicio

243 3100 435 3145 nemo
480 3079 819 3163 improbus
854 3082 1113 3163 praeter
1150 3100 1317 3162 eum,
1362 3079 1475 3162 qui
1508 3080 1642 3144 iam
1679 3080 1929 3164 pridem
1965 3081 2267 3146 inventus

247 3172 364 3252 est,
408 3166 799 3250 reperiatur;
845 3166 1089 3250 deinde,
1136 3166 1192 3230 si
1227 3167 1448 3252 plures
1495 3167 1779 3251 improbi
1821 3166 2094 3251 fuerint,
2142 3168 2268 3234 hoc

243 3255 459 3338 vobis,
504 3254 630 3319 hoc
675 3254 918 3338 populo
964 3253 1287 3338 Roman0,
1341 3254 1611 3339 iudices,
1667 3256 2002 3340 confirmo,
2061 3256 2267 3322 vitam

160 3357 215 3398 8⁵
243 3342 610 3407 mehercule
665 3341 829 3405 mihi
890 3342 1072 3426 prius
1138 3364 1334 3426 quam
1395 3342 1530 3407 vim
1592 3343 2268 3429 perseverantiamque

244 3430 325 3494 ad
370 3429 639 3494 illorum
683 3429 1174 3513 improbitatem
1218 3430 1731 3514 persequendam
1777 3431 2161 3500 defuturam.

376 3514 646 3601 Verum,
688 3516 861 3600 quod
898 3537 1019 3602 ego
1056 3516 1408 3602 laboribuS,
1443 3518 1747 3602 periculis
1785 3519 2266 3606 inimicitiisque
2303 3534 2367 3582 51
