2566 4016
334 216 465 278 442
813 260 822 267 x
933 214 1012 268 IN
1050 214 1106 269 C.
1136 214 1446 269 VERREM
1482 213 1644 270 ACT.
1679 214 1749 269 H.

335 358 693 443 provincia,
747 363 823 422 ut
877 359 1166 423 omnium
1220 359 1443 423 oculos
1497 357 1568 422 in
1621 377 1724 422 me
1780 377 1979 421 unum
2026 355 2373 422 coniectos

337 468 477 512 esse
513 446 887 529 arbitrarer,
931 449 1005 511 ut
1052 468 1153 511 me
1201 450 1748 530 quaesturamque
1793 466 2006 509 meam
2052 445 2252 528 quasi
2295 446 2376 509 in

339 535 558 618 aliquo
595 537 919 599 terrarum
956 535 1133 599 orbis
1171 535 1432 599 theatro
1481 532 1727 599 versari
1773 532 2243 616 existimarem,
2290 537 2378 597 ut

341 644 594 707 semper
653 623 894 705 omnia,
960 644 1123 706 quae
1176 622 1455 688 iucunda
1509 621 1811 686 videntur
1864 642 2032 703 esse,
2092 641 2172 684 ea
2227 642 2376 686 non

340 711 530 776 modo
568 709 671 775 his
717 710 1243 775 extraordinariis
1291 708 1775 794 cupiditatibuS,
1821 708 1934 772 sed
1979 708 2184 773 etiam
2231 709 2428 793 ipsis

234 813 303 862 36
338 804 610 864 naturae
675 820 749 864 ac
810 799 1187 863 necessitati
1245 798 1649 884 denegarem.
1748 795 1939 861 Nunc
1991 818 2132 860 sum
2197 796 2378 862 desi-
2413 799 2429 808 ’

341 891 576 973 gnatus
607 886 859 968 aedilis3
896 885 1108 951 habeo
1136 886 1476 970 rationem,
1515 883 1670 969 quid
1706 906 1747 948 a
1781 884 2023 968 populo
2052 883 2375 950 Romano

340 973 721 1059 acceperim3
767 973 931 1039 mihi
965 974 1152 1039 ludos
1192 973 1640 1039 sanctissimos
1677 972 1962 1036 maxima
2007 993 2154 1037 cum
2206 995 2379 1039 cura

341 1065 407 1127 et
470 1061 861 1127 caerimonia
924 1060 1169 1145 Cereri,
1236 1060 1473 1126 Libero
1537 1059 1935 1144 Liberaeque
1996 1059 2379 1146 faciundoS,

341 1149 504 1213 mihi
555 1148 820 1215 Floram
879 1153 1155 1215 matrem
1211 1150 1455 1234 populo
1509 1148 1813 1232 plebique
1866 1147 2208 1212 Romanae
2266 1149 2377 1214 lu·
2404 1167 2450 1206 1⁰

341 1239 570 1303 dorum
600 1238 976 1303 celebritate
1003 1238 1408 1323 placandam,
1435 1235 1599 1302 mihi
1624 1236 1813 1300 ludos
1843 1235 2376 1321 antiquissimos,

342 1327 454 1410 qui
480 1325 675 1410 primi
697 1325 978 1390 Romani
1005 1326 1323 1410 appellati
1351 1328 1520 1408 sunt,
1547 1346 1694 1390 cum
1722 1323 2041 1409 dignitate
2069 1325 2380 1391 maxima

343 1419 409 1478 et
453 1413 770 1498 religione
813 1412 980 1496 Iovi,
1034 1412 1268 1478 Iunoni
1313 1412 1768 1496 Minervaeque
1815 1433 1955 1476 esse
1999 1411 2377 1498 faciundos,

342 1499 503 1565 mihi
576 1521 905 1563 sacrarum
975 1499 1229 1564 aedium
1292 1500 1843 1584 procurationem,
1916 1499 2078 1564 mihi
2142 1503 2375 1566 totam

340 1587 568 1652 urbem
629 1585 937 1651 tuendam
1001 1608 1141 1651 esse
1205 1588 1649 1671 commissam3
1714 1586 1798 1652 ob
1859 1609 2080 1653 earum
2135 1610 2374 1655 rerum
2399 1605 2442 1646 1⁵

340 1675 633 1740 laborem
698 1677 764 1739 et
827 1675 1332 1740 sollicitudinem
1388 1675 1640 1741 fructus
1699 1675 1852 1740 illos
1910 1675 2127 1758 datos,
2198 1679 2374 1743 anti·

343 1763 635 1848 quiorem
683 1762 753 1827 in
797 1767 1027 1828 senatu
1074 1763 1433 1829 sententiae
1480 1763 1783 1829 dicendae
1829 1764 2068 1845 locum,
2126 1767 2375 1850 togam
2498 1766 2499 1769 ’

340 1855 772 1936 praetextam,
828 1853 1061 1916 sellam
1118 1853 1432 1934 curulem,
1484 1851 1586 1915 ius
1631 1851 1937 1936 imaginis
1982 1851 2063 1916 ad
2110 1874 2374 1919 memo-

237 1952 301 2001 37
342 1940 508 2005 riam
544 1939 1123 2026 posteritatemque
1159 1940 1542 2024 prodendae.
1613 1938 1716 2003 Ex
1749 1938 1853 2003 his
1892 1959 2012 2025 ego
2050 1941 2374 2008 omnibus

340 2030 534 2093 rebus
543 2079 562 2112 ,
615 2029 882 2113 iudices,
935 2030 1033 2093 ita
1085 2028 1248 2093 mihi
1302 2029 1513 2093 omnis
1571 2028 1724 2092 deos
1770 2028 2091 2112 propitios
2137 2030 2375 2115 velim,
2397 2046 2436 2086 ¹⁰
2496 2035 2497 2078 ἶ

340 2121 433 2200 ut,
469 2117 735 2181 tametsi
762 2117 926 2181 mihi
951 2116 1449 2181 iucundissimus
1477 2119 1579 2180 est
1604 2115 1812 2180 honos
1849 2115 2094 2200 populi,
2131 2120 2376 2184 tamen

339 2226 749 2288 nequaquam
786 2205 971 2288 capio
1008 2207 1267 2269 tantum
1304 2203 1682 2287 voluptatis,
1720 2206 2033 2286 quantum
2070 2207 2141 2268 et
2179 2208 2374 2272 solli·

342 2292 644 2356 citudinis
691 2295 757 2356 et
803 2290 1076 2374 laboriS,
1132 2295 1207 2356 ut
1249 2292 1411 2356 haec
1457 2291 1602 2375 ipsa
1647 2290 1946 2356 aedilitas
1956 2342 1974 2374 ,
2022 2313 2158 2357 non
2210 2295 2376 2378 quia

337 2401 600 2444 necesse
661 2378 887 2462 fuerit,
951 2379 1145 2444 alicui
1207 2378 1550 2445 candidato
1607 2378 1786 2463 data,
1849 2378 1985 2462 sed,
2049 2380 2215 2463 quia
2279 2383 2374 2448 sic

341 2465 728 2550 oportuerit,
781 2469 955 2530 recte
1010 2467 1350 2532 conlocata
1402 2470 1470 2531 et
1521 2466 1756 2532 iudicio
1811 2466 2040 2551 populi
2092 2467 2165 2532 in
2216 2470 2370 2536 loco
2393 2486 2434 2526 ¹⁵

340 2573 480 2617 esse
525 2552 743 2636 posita
786 2554 1099 2618 videatur.

234 2612 320 2738 ἐξ
472 2640 571 2705 Tu
634 2663 782 2705 cum
836 2663 1008 2707 esses
1063 2645 1328 2727 praetor
1380 2642 1787 2707 renuntiatus
1843 2663 2100 2726 quoquo
2159 2646 2370 2711 modo

342 2728 563 2815 (mitto
620 2729 791 2793 enim
845 2733 912 2795 et
965 2733 1329 2814 praetere0,
1384 2729 1538 2814 quid
1590 2734 1732 2794 tum
1788 2730 1874 2794 sit
1920 2729 2190 2816 actum),
2253 2734 2372 2799 sed

341 2839 485 2883 cum
550 2838 724 2883 esses
784 2818 1219 2900 renuntiatus,
1282 2822 1358 2881 ut
1413 2817 1569 2901 dixi,
1631 2839 1764 2882 non
1815 2818 1960 2901 ipsa
2011 2822 2368 2901 praeconis

338 2927 495 2972 voce
549 2905 865 2970 excitatus
913 2927 981 2969 es
991 2956 1010 2989 ,
1068 2905 1179 2989 qui
1223 2908 1292 2969 te
1336 2905 1579 2970 totiens
1627 2906 1954 2970 seniorum
2000 2906 2373 2974 iuniorum-
2395 2927 2435 2966 ω

340 3016 464 3077 que
520 2993 827 3059 centuriis
882 2993 1001 3059 illo
1050 2993 1299 3058 honore
1345 2993 1533 3057 adfici
1577 2993 2053 3078 pronuntiavit,
2107 2998 2187 3059 ut
2237 2997 2372 3063 hoc

337 3085 630 3166 putares,
687 3081 974 3165 aliquam
1029 3081 1125 3145 rei
1176 3080 1475 3166 publicae
1530 3084 1788 3165 partem
1841 3081 1967 3145 tibi
2021 3083 2372 3170 creditam,

340 3191 579 3234 annum
635 3168 760 3233 tibi
812 3169 1000 3234 illum
1055 3190 1254 3232 unum
1311 3169 1503 3233 domo
1559 3169 1908 3234 carendum
1961 3190 2103 3234 esse
2151 3194 2374 3238 mere-

337 3257 565 3321 tricis?
639 3279 787 3322 cum
855 3256 979 3358 tibi
1051 3260 1227 3357 sorte
1301 3256 1675 3357 obtigisset,
1745 3257 1846 3322 uti
1915 3257 2017 3321 ius
2091 3258 2373 3345 dicer-ea,
2492 3279 2493 3354 χ

339 3343 1806 3529 ἓὲἶῖἓῖῗῗηέξὲἓξὶῖἱιὲῗὲῖῑὲἒὲῗαζξέῗῗἒξ
1841 3366 2375 3524 εἶῗῗέᾳὲέᾚῑξῖ»
2396 3364 2439 3406 '⁵

336 3516 550 3579 facere
594 3522 660 3581 te
705 3540 931 3603 posses
941 3569 959 3603 ,
1011 3541 1154 3584 eam
1199 3520 1631 3605 provinciam,
1677 3541 1874 3604 quam
1918 3521 2092 3587 tueri
2140 3523 2376 3612 singu-
