2566 4016
296 191 380 255 10
824 190 968 244 PRO
1005 189 1064 245 P.
1095 188 1442 255 QUINOTIO
1481 188 1773 245 ORATIO.

292 333 629 399 defendere
682 338 1097 417 consuerunt,
1158 333 1339 398 vides
1405 353 1732 414 accusare,
1795 336 1864 397 et
1917 354 1995 399 ea
2046 333 2311 419 ingenia

293 423 580 488 converti
607 421 690 487 ad
717 421 1082 507 perniciem,
1116 443 1280 504 quae
1312 423 1504 485 antea
1531 421 1962 491 versabantur
1988 422 2059 486 in
2095 422 2308 502 salute

295 515 489 594 atque
554 510 793 575 auxilio
847 509 1128 574 ferendo.
1218 508 1394 574 Illud
1453 508 1652 573 etiam
1706 509 2068 593 restiterat,
2136 511 2310 593 quod

292 600 600 664 hesterno
637 598 739 662 die
773 597 1083 680 fecerunt,
1127 601 1212 662 ut‘
1238 600 1306 661 te
1341 596 1412 661 in
1446 596 1548 662 ius
1596 596 1952 680 educerent,
1995 601 2071 666 ut
2115 599 2306 663 nobis

292 692 570 771 tempuS,
609 707 806 771 quam
840 686 950 751 diu
985 685 1359 767 diceremus,
1395 684 1888 769 praestitueres3
1936 708 2133 769 quam
2167 708 2309 751 rem
2333 713 2359 753 5

291 776 485 841 facile
512 797 552 838 a
579 777 879 858 praetore
899 775 1384 859 impetrassent,
1417 772 1547 838 nisi
1572 776 1664 855 tu,
1700 773 1873 857 quod
1911 778 2085 838 esset
2120 778 2310 839 tuum

189 872 259 921 34
293 864 395 928 ius
452 867 518 927 et
573 861 858 927 officium
906 865 1355 947 potestasque,
1410 860 1754 926 docuisses.
1842 860 2071 945 Neque
2113 863 2308 927 nobis

295 952 503 1017 adhuc
528 955 788 1035 praeter
814 955 881 1014 te
908 950 1250 1034 quisquam
1277 949 1422 1031 fuit,
1458 948 1570 1014 ubi
1599 952 1901 1014 nostrum
1936 950 2040 1014 ius
2077 954 2307 1017 contra

293 1041 446 1105 illos
484 1040 939 1117 obtineremuS‚
982 1060 1189 1121 neque
1225 1037 1362 1102 illis
1397 1058 1716 1121 vumquam
1763 1038 1926 1102 satis
1969 1037 2096 1103 fuit
2140 1038 2306 1104 illud

294 1129 605 1211 obtinere,
641 1127 815 1211 quod
839 1126 1107 1211 probari
1138 1125 1437 1191 omnibus
1476 1127 1726 1210 posset3
1760 1126 1858 1190 ita
1895 1126 2033 1190 sine
2067 1125 2304 1191 iniuria
2331 1152 2384 1192 ιο

295 1215 655 1301 potentiam
701 1215 910 1280 levem
955 1218 1149 1298 atquc
1194 1214 1456 1297 inopem
1502 1234 1643 1278 esse
1689 1214 2109 1280 arbitrantur.

192 1306 299 1369 10*
470 1301 716 1367 Verum
752 1303 1060 1387 quoniam
1099 1302 1223 1367 tibi
1266 1301 1473 1366 instat
1507 1300 1917 1385 Hortensius,
1962 1306 2037 1367 ut
2082 1322 2191 1366 eas
2235 1301 2307 1367 in

293 1391 656 1474 consilium,
692 1413 732 1455 a
758 1412 862 1454 me
888 1390 1199 1476 postulat,
1234 1411 1317 1453 ne
1348 1389 1614 1453 dicendo
1652 1392 1910 1473 tempus
1946 1389 2306 1473 absumam,

294 1479 585 1564 queritur
630 1478 846 1563 priore
891 1482 1167 1562 patrono
1214 1498 1478 1542 causam
1524 1477 1903 1542 defendente
1946 1497 2304 1578 numquam

290 1566 584 1651 perorari
635 1565 951 1650 potuisse,
1003 1587 1136 1631 non
1189 1565 1406 1649 patiar
1448 1565 1646 1630 istam
1691 1579 1950 1632 manere
1995 1563 2384 1649 suspicio-15

288 1676 466 1737 nem,
511 1675 631 1718 nos
682 1675 819 1718 rem
852 1654 1124 1719 iudicari
1157 1653 1362 1736 nolle3
1406 1674 1524 1718 nec
1558 1651 1722 1718 illud
1759 1652 1922 1718 mihi
1958 1652 2302 1738 arrogabO,

292 1764 396 1807 me
424 1763 615 1826 posse
643 1763 905 1806 causam
940 1741 1341 1807 commodius
1378 1741 1840 1824 demonstrare,
1879 1762 2071 1825 quam
2110 1744 2303 1806 antea

291 1831 737 1895 demonstrata
766 1830 871 1913 sit,
906 1852 1116 1914 neque
1143 1834 1367 1895 tamen
1392 1833 1531 1894 tam
1567 1830 1778 1894 multa
1814 1830 2019 1894 verba
2048 1828 2304 1912 faciam,

290 1922 636 2004 propterea
689 1918 862 2002 quod
916 1922 982 1984 et
1033 1919 1116 1983 ab
1160 1918 1310 1996 illo,
1365 1917 1476 2001 qui
1521 1920 1661 1981 tum
1708 1916 1897 1999 dixit,
1949 1916 2304 1982 informata

289 2007 422 2073 iam
478 2029 673 2073 causa
726 2011 826 2072 est
881 2011 948 2072 et
1002 2012 1062 2072 a'
1091 2029 1219 2090 me,
1274 2006 1387 2090 qui
1430 2027 1637 2089 neque
1683 2004 2051 2091 excogitare
2094 2027 2302 2089 neque
2331 2030 2385 2071 πο

289 2096 710 2181 pronuntiare
754 2097 964 2160 multa
1007 2116 1301 2179 possum,
1354 2094 1644 2159 brevitas
1687 2093 2085 2179 postulatur,
2137 2114 2302 2176 quae

185 2198 253 2247 35
291 2184 588 2248 mihimet
638 2183 767 2269 ipsi
821 2183 1214 2248 amicissima
1266 2185 1393 2264 est3
1445 2181 1706 2265 faciam,
1761 2181 1935 2265 quod
1987 2184 2056 2246 te
2110 2202 2301 2264 saepe

291 2270 720 2339 animadverti
753 2270 996 2354 facere,
1040 2270 1381 2353 Hortensi3
1425 2273 1638 2335 totam
1675 2291 1906 2335 causae
1950 2291 2131 2334 meae
2178 2268 2304 2333 dic-

290 2359 536 2421 tionem
572 2362 785 2422 certas
821 2358 889 2421 in
925 2362 1145 2443 partes
1194 2357 1495 2423 dividam.
1568 2356 1667 2423 Tu
1710 2357 1778 2421 id
1825 2378 2078 2442 semper
2120 2355 2303 2440 facis,

292 2445 444 2529 quia
476 2466 731 2530 semper
765 2449 971 2531 potes,
1008 2467 1131 2532 ego
1167 2446 1238 2511 in
1271 2445 1397 2511 hac
1434 2467 1629 2511 causa
1663 2444 1919 2528 faciam,
1954 2448 2303 2530 propterea
2330 2469 2384 2511 25

292 2533 462 2618 quod
499 2533 569 2597 in
603 2534 727 2599 hac
760 2534 981 2600 videor
1016 2556 1207 2619 posse
1243 2533 1485 2617 facere3
1530 2533 1703 2617 quod
1737 2533 1864 2599 tibi
1904 2536 2144 2598 natura
2190 2532 2304 2598 dat

288 2626 364 2686 ut
420 2643 675 2706 semper
727 2623 939 2709 possis
950 2673 968 2705 ,
1030 2623 1096 2686 id
1150 2621 1315 2686 mihi
1368 2643 1564 2687 causa
1619 2621 1909 2686 concedit
1971 2624 2047 2686 ut
2107 2620 2302 2685 hodie

287 2710 551 2796 possim.
648 2709 874 2776 Certos
938 2710 1099 2774 mihi
1161 2711 1323 2775 fines
1386 2709 1827 2793 terminosque
1890 2709 2304 2792 constituam,

288 2802 472 2863 extra
508 2819 670 2881 quos
707 2798 926 2884 egredi
959 2820 1093 2863 non
1127 2798 1392 2883 possim,
1437 2797 1495 2862 si
1530 2797 1808 2861 maxime
1853 2796 2068 2880 velim,
2114 2799 2189 2862 ut
2236 2800 2303 2861 et

287 2887 450 2951 mihi
469 2887 558 2950 sit
583 2887 1011 2973 propositum,
1039 2887 1117 2951 de
1146 2907 1273 2970 quo
1304 2886 1531 2968 dicam,
1560 2888 1627 2949 et
1643 2884 2033 2985 Hortensius
2060 2884 2304 2950 habeat
2329 2909 2387 2951 so

287 2975 599 3076 exposita,
636 2975 719 3040 ad
748 2997 911 3059 quae
938 2974 1344 3059 respondeat,
1381 2973 1449 3038 et
1482 2977 1574 3057 tu,
1611 2972 1679 3038 G.
1700 2971 1944 3057 Aquili,
1979 2973 2112 3037 iam
2150 2976 2302 3037 ante

291 3064 506 3128 animo
535 3064 904 3147 prospicere
932 3062 1163 3147 possis,
1200 3062 1435 3145 quibus
1465 3061 1543 3126 de
1580 3060 1772 3125 rebus
1811 3060 2150 3126 auditurus
2193 3060 2304 3126 sis.

181 3153 250 3202 36
464 3149 798 3237 Negamus
843 3155 910 3216 te
955 3151 1128 3214 bona
1170 3148 1242 3214 P.
1285 3148 1570 3232 Quincti,
1626 3146 1767 3214 Sex.
1804 3147 2040 3232 Naevi,
2084 3170 2304 3232 posse-

288 3239 459 3302 disse
518 3260 596 3302 ex
655 3239 865 3304 edicto
923 3236 1263 3322 praetoris.
1354 3236 1434 3301 In
1493 3259 1569 3303 eo
1629 3236 1894 3320 sponsio
1952 3235 2130 3302 facta
2183 3237 2303 3302 est.

287 3324 639 3390 Ostendam
679 3327 964 3413 primum
1009 3346 1271 3390 causam
1315 3345 1449 3389 non
1492 3324 1712 3407 fuisse,
1757 3345 1871 3389 cur
1916 3346 1956 3389 a
2000 3328 2303 3408 praetore
2330 3349 2392 3393 85

284 3413 681 3498 postulareS,
735 3418 809 3479 ut
862 3414 1034 3479 bona
1077 3413 1146 3478 P.
1185 3412 1446 3488 Quincti
1500 3412 1892 3497 possideres,
1947 3411 2174 3479 deinde
2226 3434 2306 3477 ex

286 3501 495 3566 edicto
533 3505 601 3566 te
637 3502 968 3587 possidere
1001 3522 1136 3567 non
1170 3501 1481 3586 potuisse,
1525 3504 1859 3586 postremo
1908 3522 2041 3566 non
2083 3522 2306 3586 posse-
