2566 4016
328 200 463 267 484
933 196 1014 251 m
1052 195 1110 250 ο.
1141 194 1447 251 VERREM
1482 193 1636 250 AcT.
1674 194 1741 249 11.
1828 158 1832 163 ’

332 344 458 410 Sed
539 342 856 426 scriptum
936 343 1116 405 extat
1194 339 1267 404 in
1339 338 1547 404 isdem
1622 336 1893 420 litteris,
1975 336 2147 421 quod
2228 337 2365 402 iste

330 433 529 497 homo
601 431 919 495 barbarus
984 450 1058 494 ac
1122 427 1478 492 dissolutus
1541 447 1751 511 neque
1816 424 2152 490 attendere
2219 447 2363 490 um-

335 542 533 604 quam
602 540 811 602 neque
882 517 1265 602 intellegere
1336 514 1581 600 potuit:
1655 510 2187 596 ἐδικαιώθησαν,
2263 513 2363 576 111-

336 608 506 692 quit,
568 607 691 672 hoc
754 608 880 689 est,
942 608 1017 670 ut
1070 601 1270 669 Siculi
1333 604 1665 685 locuntur,
1727 601 2046 687 supplicio
2113 600 2360 666 adfecti

230 667 335 793 3132,
374 719 448 762 ac
518 693 732 760 necati
804 697 971 757 sunt.
1078 689 1148 756 Si
1220 691 1334 775 qui
1402 712 1543 772 rex,
1611 690 1672 754 si
1745 711 1874 774 qua
1945 689 2177 755 civitas
2250 711 2359 754 ex·
2389 721 2417 761 5

336 789 626 850 terarum
698 781 1019 867 gentium,
1091 779 1149 844 si
1211 800 1340 863 qua
1400 779 1583 843 natio
1643 776 1908 843 fecisset
1970 776 2226 861 aliquid
2288 778 2365 842 in

335 873 496 939 civis
567 870 895 935 Romanos
970 867 1106 932 eius
1179 866 1384 949 modi,
1454 886 1668 933 nonne
1740 865 2000 951 publice
2070 865 2366 931 vindica·

335 980 578 1043 remus,
639 977 851 1022 nonne
915 956 1091 1020 bello
1150 953 1725 1039 persequeremur?
1788 975 2128 1038 possemus
2186 954 2365 1019 hanc

336 1046 641 1112 iniuriam
685 1043 1237 1131 ignominiamque
1282 1042 1565 1107 nominis
1606 1041 1889 1106 Romani
1931 1041 2219 1107 inultam
2265 1043 2367 1106 in-

337 1135 762 1220 punitamque
824 1130 1195 1196 dimittere?
1289 1128 1462 1205 Quot
1523 1130 1701 1195 bella
1754 1129 2033 1195 maiores
2088 1134 2366 1196 nostros
2394 1163 2442 1203 10
2502 1118 2503 1147 ¹

336 1227 406 1289 et
452 1226 696 1308 quanta
742 1219 1099 1304 suscepisse
1146 1217 1583 1302 arbitramini,
1638 1218 1810 1302 quod
1855 1218 2028 1283 cives
2072 1217 2369 1304 Romani

337 1312 577 1376 iniuria
621 1308 886 1392 adfecti,
935 1306 1110 1391 quod
1151 1305 1539 1373 navicularii
1582 1305 1848 1390 retenti,
1895 1306 2067 1391 quod
2114 1328 2369 1372 merca·

338 1404 515 1464 tores
570 1397 839 1481 spoliati
894 1395 1302 1460 dicerentur?
1391 1393 1487 1458 At
1539 1415 1663 1479 ego
1706 1394 1841 1459 iam
1885 1397 2179 1459 retentos
2226 1417 2371 1460 non

340 1506 602 1569 queror,
656 1483 972 1567 spoliatos
1017 1481 1353 1546 ferendum
1399 1485 1587 1566 put03
1639 1482 1943 1566 navibus,
1993 1482 2368 1568 mancipiis,
2502 1556 2503 1561 ἵ

339 1572 659 1638 mercibus
693 1569 1015 1654 ademptis
1051 1570 1123 1634 in
1154 1569 1374 1635 vincla
1409 1573 1801 1635 mercatores
1839 1591 1981 1636 esse
2025 1571 2369 1637 coniectos
2395 1602 2441 1643 ιε,

238 1674 340 1725 150
377 1665 444 1725 et
487 1660 556 1725 in
600 1658 833 1724 vinclis
879 1658 1052 1723 cives
1097 1657 1427 1723 Romanos
1476 1662 1743 1724 necatos
1790 1679 1931 1723 esse
1977 1679 2208 1744 arguo.
2297 1659 2370 1725 Si

338 1749 500 1815 haec
554 1747 727 1832 apud
772 1745 1048 1831 Scythas
1104 1745 1408 1830 dicerem,
1461 1767 1594 1812 non
1637 1746 1746 1811 hic
1788 1746 1858 1811 in
1901 1750 2094 1811 tanta
2139 1749 2371 1813 multi·

340 1837 564 1903 tudine
599 1836 839 1901 civium
865 1834 1329 1919 Romanorum,
1364 1855 1496 1900 non
1533 1835 1706 1919 apud
1726 1839 2095 1919 senatore&
2143 1836 2371 1902 lectis·
2502 1894 2503 1907 ,

342 1925 542 1991 simos
587 1923 892 2008 civitatis,
935 1944 1069 1988 non
1111 1923 1184 1987 in
1224 1922 1369 1988 foro
1415 1922 1643 2007 populi
1688 1922 1965 1988 Romani
2014 1923 2092 1987 de
2138 1928 2254 1989 tot
2303 1931 2371 1991 et

340 2018 482 2080 tam
553 2013 801 2079 acerbis
871 2010 1209 2096 suppliciis
1282 2011 1518 2077 civium
1589 2010 2058 2096 Romanorum,
2132 2017 2370 2080 tamen
2396 2045 2440 2085 ao

342 2103 594 2168 animos
681 2101 880 2166 etiam
960 2099 1391 2165 barbarorum
1470 2099 1809 2165 hominum
1889 2121 2370 2184 permoverem.

342 2189 556 2255 Tanta
609 2189 783 2254 enim
835 2188 1028 2253 huius
1082 2187 1338 2272 imperii
1394 2187 1784 2271 amplitud0,
1836 2192 2026 2253 tanta
2067 2191 2371 2256 nominis

341 2277 624 2343 Romani
664 2276 949 2363 dignitas
998 2279 1098 2341 est
1143 2275 1315 2360 apud
1361 2297 1584 2341 omnes
1628 2275 1945 2360 nationeS‚
1989 2280 2063 2341 ut
2109 2277 2254 2343 ista
2301 2280 2373 2344 in

339 2370 602 2430 nostros
661 2364 955 2429 homines
1011 2363 1360 2429 crudelitas
1413 2364 1655 2429 nemini
1711 2385 2015 2430 concessa
2067 2386 2219 2430 esse
2278 2368 2372 2431 vi-

343 2452 587 2516 deatur.
650 2450 840 2516 Nunc
865 2450 991 2514 tibi
1019 2471 1141 2535 ego
1169 2452 1375 2516 ullam
1404 2452 1699 2537 salutem,
1735 2452 1944 2518 ullum
1979 2453 2371 2540 perfugium
2396 2484 2443 2525 a

341 2543 582 2625 putem,
627 2560 774 2603 cum
810 2542 877 2602 te
914 2538 1301 2622 inplicatum
1347 2540 1694 2605 severitate
1738 2541 2039 2626 iudicum,
2084 2541 2372 2608 circum·

240 2640 339 2691 151
378 2627 645 2692 retitum
697 2625 1065 2711 frequentia
1112 2627 1340 2712 populi
1385 2627 1664 2693 Romani
1708 2650 1851 2695 esse
1893 2629 2197 2695 videam?
2294 2629 2374 2696 Si

342 2716 734 2799 mehercule,
787 2714 855 2779 id
909 2715 1081 2799 quod
1130 2715 1272 2780 fieri
1315 2737 1448 2781 non
1491 2737 1682 2801 posse
1726 2717 2069 2803 intellego,
2129 2740 2208 2784 ex
2259 2720 2373 2786 his

341 2808 409 2870 te
463 2804 712 2889 laqueis
767 2804 1018 2869 exueris
1074 2825 1149 2868 ac
1202 2807 1269 2869 te
1316 2804 1535 2888 aliqua
1578 2805 1687 2871 via
1733 2827 1809 2871 ac
1852 2806 2108 2871 ratione
2156 2809 2377 2894 expli-

341 2892 539 2976 caris,
583 2892 652 2956 in
696 2892 847 2957 illas
893 2892 1019 2956 tibi
1062 2891 1341 2957 maiores
1386 2892 1619 2979 plagas
1665 2894 2073 2959 incidendum
2122 2899 2253 2980 est,
2303 2898 2378 2963 in
2402 2925 2449 2967 ω

342 2980 578 3064 quibus
631 2983 698 3044 te
755 2980 839 3045 ab
893 2979 1118 3046 eodem
1174 3001 1276 3044 me
1324 2981 1654 3064 superiore
1700 3004 1779 3047 ex
1823 2983 1966 3048 loco
2013 2983 2255 3049 confici
2307 2991 2379 3052 et

341 3067 592 3135 concidi
642 3089 904 3133 necesse
959 3071 1076 3133 est.
1165 3065 1289 3133 Cui
1336 3068 1392 3133 si
1437 3068 1637 3134 etiam
1681 3070 1778 3155 id,
1832 3070 2005 3155 quod
2051 3070 2381 3159 defendit,

341 3157 539 3222 velim
594 3155 966 3241 concedere,
1020 3159 1242 3221 tamen
1296 3156 1442 3241 ipsa
1495 3157 1612 3222 illa
1663 3157 1836 3224 falsa
1890 3158 2181 3224 defensio
2231 3184 2378 3229 non

342 3245 556 3396 anigius
621 3265 762 3309 esse
824 3244 885 3310 ei
944 3243 1310 3330 perniciosa
1369 3267 1564 3331 quam
1617 3268 1765 3312 mea
1817 3269 1973 3313 vera
2026 3253 2379 3318 accusatio
2492 3329 2493 3332 Ἴ

387 3353 420 3395 Θ
470 3336 593 3397 eat».
2408 3366 2453 3409 3³
2492 3363 2493 3398 1

475 3418 644 3492 Quid
707 3420 879 3485 enim
942 3420 1271 3486 defendit?
1362 3421 1465 3487 nx
1517 3420 1840 3508 Hispania
1899 3424 2237 3510 fugientes
2308 3451 2384 3496 se
2492 3411 2493 3414 ‘

341 3505 667 3585 excepisse
705 3511 771 3571 et
807 3509 1124 3592 supplicio
1164 3508 1476 3576 adfecisse
1514 3510 1689 3577 dicit.
1752 3511 1910 3588 Quis
1949 3512 2075 3578 tibi
2111 3514 2185 3580 id
2222 3539 2383 3603 per·
