2566 4016
701 238 836 308 L'IB.
864 254 916 308 V
979 253 1134 309 CAP.
1172 259 1383 310 25—27
1421 260 1453 321 s
1490 261 1715 310 62-68.
2080 252 2211 318 453

202 397 376 482 cidit,
421 419 535 465 cur
568 401 757 462 tanto
796 418 990 499 opere
1032 396 1160 462 iste
1203 396 1401 462 homo
1449 397 1900 481 occultaretur,
1945 401 2020 461 ut
2066 418 2210 461 eum

199 507 283 551 ne
319 506 474 551 casu
511 486 770 569 quidem
808 485 1149 586 quisquam
1186 485 1514 586 adspicere
1559 485 1826 585 posset?
1898 483 2211 549 Homines

202 573 548 639 maritumi
598 571 959 658 Syracusis,
1033 573 1144 657 qui
1217 594 1409 658 saepe
1479 573 1671 660 istius
1735 572 1914 637 ducis
1976 594 2214 637 nomen

202 661 559 745 audissent,
614 683 808 747 saepe
851 661 1250 745 timuissent,
1307 683 1452 726 cum
1498 660 1634 725 eius
1682 660 1972 726 cruciatu
2018 663 2213 742 atque

147 766 175 810 5
203 749 521 835 supplicio
548 771 816 836 pascere
843 750 1065 815 oculos
1094 749 1507 833 animumque
1539 753 1914 815 exsaturare
1950 747 2213 832 vellent,

201 841 496 923 potestas
560 837 956 924 adspiciendi
1016 837 1262 903 nemim
1323 837 1502 903 facta
1554 842 1672 902 est.
1762 835 1948 902 Unus
2003 836 2211 922 pluris
2249 850 2316 900 66

200 926 600 1011 praedonum
637 926 827 992 duces
864 926 1049 992 vivos
1086 926 1259 1011 cepit
1293 925 1364 992 P.
1395 924 1707 992 Servilius
1747 947 1943 1010 quam
1990 946 2213 990 omnes

201 1018 412 1080 antea.
493 1014 847 1099 Ecquando
901 1015 1106 1101 igitur
1157 1015 1290 1080 isto
1333 1013 1550 1079 fructu
1598 1014 1941 1098 quisquam
1987 1014 2215 1098 caruit,

199 1106 276 1167 ut
336 1103 559 1167 videre
610 1103 893 1187 piratam
949 1106 1211 1187 captum
1263 1124 1398 1167 non
1452 1102 1722 1167 liceret?
1821 1102 1914 1166 At
1969 1106 2216 1188 contra,

120 1205 174 1247 10
204 1210 606 1274 quacumque
640 1190 768 1255 iter
805 1189 980 1274 fecit,
1023 1189 1151 1254 hoc
1193 1190 1727 1256 iucundissimum
1773 1190 2215 1275 spectaculum

204 1277 505 1342 omnibus
558 1277 923 1343 vinctorum
978 1281 1443 1362 captorumque
1496 1278 1784 1343 hostium
1839 1277 2215 1363 praebebat,

201 1365 425 1466 itaque
469 1365 531 1430 ei
576 1386 923 1431 concursus
965 1365 1213 1430 fiebant
1255 1365 1556 1451 undique,
1602 1369 1676 1430 ut
1719 1387 1854 1431 non
1898 1365 2089 1431 modo
2137 1386 2215 1430 ex

200 1452 284 1519 iis
347 1452 631 1539 oppidis,
695 1476 824 1538 qua
875 1453 1302 1555 ducebantur,
1367 1453 1480 1519 sed
1534 1455 1731 1519 etiam
1788 1476 1866 1519 ex
1918 1454 2213 1519 finitimis

200 1540 451 1606 visendi
522 1563 718 1607 causa
790 1542 1222 1607 convenirent.
1330 1541 1480 1628 Ipse
1554 1547 1772 1608 autem
1842 1543 2214 1628 triumphus

118 1644 171 1686 15
203 1650 400 1714 quam
454 1630 538 1695 ob
590 1651 727 1695 rem
775 1630 1062 1695 omnium
1108 1629 1590 1715 triumphorum
1638 1631 2052 1718 gratissimus
2097 1652 2214 1716 po-

199 1718 356 1803 pulo
401 1717 697 1783 Romano
751 1718 880 1784 fuit
936 1723 1001 1783 et
1053 1718 1599 1784 iucundissimus?
1679 1717 1844 1793 Quia
1895 1719 2062 1783 nihil
2113 1723 2215 1784 est

199 1805 477 1870 victoria
531 1805 807 1890 dulcius,
869 1807 1123 1872 nullum
1184 1810 1286 1871 est
1333 1810 1551 1870 autem
1595 1806 2044 1871 testimonium
2089 1806 2215 1871 vic-

199 1891 410 1956 toriae
482 1893 721 1956 certius
794 1915 1014 1976 quam,
1087 1915 1249 1976 quos
1315 1915 1507 1978 saepe
1571 1893 1905 1978 metueris,
1976 1915 2088 1958 eos
2148 1898 2214 1958 te

199 1979 453 2046 vinctos
510 1979 593 2046 ad
635 1980 1027 2065 supplicium
1073 1979 1217 2046 duci
1261 1980 1498 2046 videre.
1577 1980 1720 2047 Hoc
1766 1985 1841 2046 tu
1887 2002 2081 2066 quam
2129 1982 2212 2048 ob
2249 1993 2316 2046 6⁹1

113 2086 171 2128 3ο
200 2090 339 2133 13111
383 2090 519 2134 11011
560 2068 821 2133 fecisti?
879 2089 1075 2152 quam
1121 2068 1205 2133 ob
1252 2090 1392 2133 rem
1435 2069 1533 2134 ita
1575 2070 1792 2155 pirata
1834 2070 1962 2135 iste
2009 2071 2214 2136 occul-

198 2160 380 2222 tatus
420 2160 537 2241 est,
583 2156 770 2241 quasi
806 2178 953 2221 eum
991 2156 1193 2240 aspici
1225 2155 1411 2222 nefas
1450 2158 1664 2222 esset?
1703 2180 1899 2241 quam
1944 2159 2028 2224 ob
2075 2181 2213 2223 rem

201 2244 593 2329 supplicium
627 2266 767 2309 11011
798 2244 1180 2329 sumpsisti?
1226 2267 1422 2329 quam
1460 2245 1543 2310 ob
1582 2268 1844 2311 causam
1883 2246 2214 2312 hominem

198 2333 593 2398 reservasti?
640 2354 906 2433 ecquem
942 2332 1068 2398 scis
1104 2332 1175 2397 in
1211 2330 1434 2398 Sicilia
1469 2337 1664 2399 antea
1703 2339 1966 2420 captum
2013 2336 2214 2401 archi-

153 2419 510 2506 piratam,
565 2421 677 2506 qui
728 2442 861 2486 non
917 2422 1123 2486 securi
1177 2442 1521 2506 percussus
1569 2422 1700 2487 sit‘?
1790 2421 2011 2489 Unum
2057 2424 2212 2489 cedo
2303 2426 2310 2432 ’

111 2525 170 2568 25
201 2513 535 2575 auctorem
588 2510 689 2574 tui
742 2508 926 2594 facti,
980 2509 1171 2574 unius
1224 2510 1449 2595 profer
1497 2512 1881 2596 exemplum.
1969 2512 2213 2579 Vivum

197 2602 273 2662 tu
328 2598 793 2683 archipiratam
848 2597 1156 2663 servabas
1215 2633 1293 2644 —-
1354 2600 1529 2683 quo?
1616 2598 1743 2664 Per
1790 2600 2214 2687 triumphum,

199 2685 417 2769 credo,
472 2707 663 2769 quem
714 2688 864 2752 ante
910 2708 1168 2752 currum
1212 2689 1399 2751 tuum
1446 2687 1734 2771 duceres;
1786 2709 1995 2772 neque
2041 2689 2212 2753 enim

200 2772 547 2871 quicquam
609 2777 751 2838 erat
804 2774 1151 2858 reliquum,
1212 2774 1341 2838 11131
1394 2775 1495 2838 uti
1547 2775 1754 2840 classe
1805 2776 2035 2861 populi
2087 2775 2213 2840 Ro-

200 2858 379 2923 mani
412 2859 849 2943 pulcherrima
887 2862 1127 2926 amissa
1160 2860 1625 2946 provinciaque
1660 2862 1948 2927 lacerata
1988 2863 2212 2928 trium-

108 2965 171 3007 so
198 2945 368 3033 phus
414 2946 540 3011 tibi
582 2947 837 3012 navalis
883 2948 1350 3015 decerneretur.

333 3034 481 3121 Age
515 3056 732 3120 porro,
776 3034 1086 3100 custodiri
1122 3034 1349 3100 ducem
1383 3036 1780 3119 praedonum
1815 3059 1986 3103 novo
2033 3060 2210 3103 more
2230 3008 2315 3136 267

198 3146 398 3209 quam
461 3122 671 3188 securi
730 3122 913 3188 feriri
975 3122 1264 3210 omnium
1328 3125 1621 3207 exemplo
1681 3126 1892 3211 magis
1944 3087 2279 3211 placuit.6

199 3212 379 3288 Quae
417 3215 569 3276 sunt
602 3211 771 3276 istae
816 3211 1189 3277 custodiae?
1234 3234 1318 3297 ap
1321 3210 1407 3276 ud
1454 3233 1616 3296 quos
1661 3213 2003 3299 homines,
2021 3236 2211 3298 quem

199 3301 284 3366 ad
345 3299 609 3365 modum
664 3304 765 3364 est
818 3300 1242 3365 adservatus‘?
1274 3235 1713 3367 PLautumias
1769 3299 2209 3389 Syracusanas

106 3406 167 3451 so
200 3411 424 3454 omnes
490 3388 791 3472 audistis,
862 3379 1155 3472 plerique
1220 3388 1449 3454 nostis.
1557 3388 1735 3475 Opus
1800 3394 1901 3455 est
1962 3392 2210 3477 ingens,

197 3477 635 3563 magnificum,
680 3498 910 3562 regum
948 3498 1023 3541 ac
1066 3480 1520 3562 tyrannorum3
1565 3482 1779 3543 totum
1826 3483 1927 3543 est
1971 3502 2005 3543 e
2053 3502 2207 3545 saxo

196 3565 270 3629 in
304 3565 666 3631 mirandam
704 3564 1114 3630 altitudinem
1152 3564 1455 3650 depresso
1494 3570 1561 3632 et
1596 3567 1952 3633 multorum
1995 3569 2215 3653 operis-
