2566 4016
739 971 831 1047 M.
889 970 1173 1044 TULLI
1227 921 1724 1046 CICERONIS

261 1134 466 1274 PRO
535 1131 762 1219 SEX.
829 1134 1205 1221 ROSCIO
1273 1136 1747 1221 AMERINO
1812 1137 2217 1222 ORATIO.

877 1442 1604 1508 ARGUMENTUM.

267 1612 270 1615 ,
372 1562 509 1617 Cum
548 1562 672 1618 Sex.
711 1563 971 1630 Roscius,
1019 1564 1308 1632 municeps
1346 1562 1641 1617 Amerinus
1680 1580 1748 1619 ex
1783 1564 2035 1631 Umbria,
2078 1566 2249 1619 homo

233 1634 385 1688 dives
432 1635 491 1687 et
537 1633 885 1703 splendiduS,
937 1634 1099 1688 finita
1143 1633 1257 1687 iam
1304 1635 1710 1703 proscriptione
1759 1634 1991 1689 Sullana
2035 1635 2249 1690 Romae

233 1705 447 1759 occisus
504 1707 675 1770 esset,
731 1721 938 1758 nomen
993 1704 1113 1757 eius
1167 1705 1227 1757 in
1270 1705 1496 1758 tabulas
1541 1722 1752 1774 proscri
1736 1706 1963 1759 itionis
2008 1707 2250 1760 relatum

233 1778 342 1842 est,
405 1776 556 1828 bona
620 1774 937 1840 venierunt,
1002 1774 1178 1827 filium
1235 1774 1358 1828 Sex.
1416 1774 1681 1829 Roscium
1782 1777 1968 1830 rucius
2023 1776 2252 1842 quidam

234 1846 565 1899 subornatus
604 1862 639 1898 a
674 1845 734 1897 L.
774 1844 854 1898 Ch
856 1861 1161 1913 ry,sogono
1202 1844 1392 1898 Sullae
1429 1845 1657 1913 liberto,
1706 1847 1801 1913 qui
1837 1847 1986 1899 bona
2023 1849 2249 1911 emerat,

235 1918 294 1968 et
339 1914 480 1968 Titis
524 1916 740 1969 Rosciis
778 1914 1048 1984 Capitone
1093 1918 1153 1968 et
1196 1915 1403 1982 Magno
1451 1915 1756 1982 Amerinis,
1802 1915 2044 1969 inimicis
2080 1888 2254 1970 Rosci

234 1985 420 2055 occisi,
458 1986 553 2054 qui
587 1986 829 2056 praedae
867 1984 1170 2067 participes
1208 1987 1383 2052 erant,
1419 1984 1707 2054 parricidii
1743 1985 2043 2040 accusavit.
2108 1985 2253 2040 Eum

233 2056 450 2125 Cicero,
507 2058 603 2124 qui
646 2061 768 2110 tum
823 2073 1030 2110 annum
1084 2056 1421 2139 vigesimum
1471 2057 1770 2139 septimum
1817 2057 2047 2137 agebat,
2101 2059 2252 2126 apud

231 2127 304 2181 M.
343 2127 619 2181 Fannium
653 2130 997 2196 praetorem,
1046 2129 1139 2194 qui
1174 2126 1491 2208 quaestioni
1527 2127 1673 2181 inter
1708 2127 1938 2181 sicarios
1975 2131 2251 2196 praeerat,

231 2199 337 2252 hac
376 2197 629 2252 oratione
665 2198 748 2252 ita
785 2198 1058 2265 defendit,
1098 2200 1161 2251 ut
1198 2197 1409 2251 crimen
1443 2197 1503 2251 in
1540 2197 1962 2267 Chrysogonum
1999 2200 2057 2252 et
2093 2197 2252 2252 Titos

232 2267 462 2322 Roscios
500 2268 749 2323 reiceret.
827 2268 1009 2322 Causa
1045 2270 1173 2322 acta
1210 2269 1299 2321 est
1333 2267 1393 2320 L.
1433 2266 1688 2322 Cornelio
1728 2267 1885 2322 Sulla
1921 2270 1971 2323 II
2010 2268 2250 2324 Caecilio

232 2338 462 2393 Metello
500 2339 602 2392 Pio
642 2356 798 2406 coss,
839 2339 900 2392 L.
933 2338 1092 2392 Sulla
1129 2338 1422 2404 dictatore,
1462 2354 1607 2392 anno
1644 2356 1697 2392 u.
1729 2356 1775 2393 c.
1806 2345 1925 2406 674,
1964 2356 2012 2394 a.
2043 2339 2167 2394 Chr.
2196 2359 2250 2396 ιι.

233 2415 316 2465 80.
381 2409 541 2463 Hanc
579 2408 820 2478 primam
857 2410 918 2463 in
954 2407 1164 2462 iudicio
1202 2409 1431 2477 publico
1471 2410 1781 2463 orationem
1811 2409 2001 2466 Cicero
2034 2411 2248 2466 habuit.

365 2657 571 2723 Credo
611 2679 732 2744 ego
770 2679 906 2740 VOS,
951 2658 1211 2740 iudiceS,
1259 2657 1502 2739 mirari,
1548 2657 1701 2742 quid
1739 2658 1842 2740 sit,
1882 2659 2069 2741 quod,
2108 2679 2253 2722 cum
2294 2630 2325 2693 Ῑ

235 2748 341 2808 tot
383 2748 615 2810 summi
643 2750 936 2812 oratores
960 2746 1383 2828 hominesque
1410 2745 1804 2810 nobilissimi
1820 2746 2101 2829 sedeant,
2130 2766 2252 2830 ego

232 2832 645 2917 potissimum
674 2834 1078 2918 surrexerim,
1127 2834 1238 2917 qui
1263 2855 1471 2916 neque
1500 2837 1713 2898 aetate
1758 2855 1964 2916 neque
1991 2833 2253 2918 ingenio

230 2943 440 3005 neque
477 2923 866 2988 auctoritate
886 2923 1010 2986 sim
1030 2945 1176 2986 cum
1195 2922 1317 3003 his,
1348 2921 1457 3005 qui
1480 2921 1761 3002 sedeant,
1790 2921 2254 3022 conparanduS.

179 3028 204 3066 ⁵
233 3009 472 3074 Omnes
519 3011 607 3092 hi,
654 3032 813 3095 quos
861 3010 1094 3075 videtis
1144 3010 1385 3093 adesse,
1431 3010 1501 3073 in
1544 3010 1666 3074 hac
1713 3031 1906 3074 causa
1951 3009 2255 3073 iniuriam

230 3120 400 3163 novo
459 3100 698 3164 scelere
752 3099 1100 3163 conflatam
1154 3103 1391 3182 putant
1447 3102 1745 3181 oportere
1809 3096 2090 3178 defendi,-
2154 3096 2255 3160 de-

229 3186 490 3250 fendere
529 3187 659 3270 ipsi
694 3192 963 3270 propter
1000 3187 1414 3270 iniquitatem
1443 3191 1811 3268 temporum
1836 3205 1970 3249 non
1999 3148 2254 3249 au'dent.

228 3273 335 3338 Ita
378 3275 482 3358 fit,
528 3278 602 3338 ut
651 3275 867 3338 adsint
911 3278 1286 3358 propterea,
1333 3274 1504 3357 quod
1551 3272 1833 3337 officium
1881 3278 2255 3356 sequuntur,

227 3365 493 3427 taceant
550 3366 769 3427 autem
823 3362 1088 3444 ideirco,
1151 3363 1303 3445 quia
1357 3363 1717 3446 periculum
1770 3361 1997 3427 vitant.
2089 3361 2256 3436 Quid
2292 3373 2325 3422 2

147 3467 200 3505 1⁰
228 3452 431 3535 ergo?
497 3451 964 3515 audacissimus
1027 3471 1148 3535 ego
1207 3473 1285 3514 ex
1341 3450 1675 3514 omnibus?
1765 3449 2050 3514 Minime.
2149 3450 2256 3513 An

227 3542 417 3601 tanto
459 3538 810 3604 officiosior
848 3561 1042 3621 quam
1081 3537 1323 3602 ceteri?
1396 3536 1495 3601 Ne
1542 3539 1730 3602 istius
1760 3537 2018 3621 quidem
2044 3536 2255 3602 laudis

337 3649 445 3689 010.
472 3651 534 3692 11.
568 3655 604 3690 1.
1790 3648 1822 3695 3

2294 2708 2322 2755 1
2395 2732 2399 2735 ,
