2566 4016
308 216 395 282 66
646 215 789 270 PRO
830 214 982 269 sEx.-
1019 213 1281 269 ROSCIO
1319 212 1654 268 AMERINO
1694 213 1981 269 ORATIO.

308 368 377 425 a‘
409 358 833 444 Chrysogono
883 358 1093 423 tantis
1146 357 1455 442 praemiis
1510 357 1961 423 donabantur?
2054 360 2110 422 si
2162 359 2330 424 nihil

310 446 488 513 aliud
537 447 829 512 fecerunt
878 446 1009 511 nisi
1061 464 1201 510 rem
1254 445 1653 527 detulerunt,
1710 466 1928 510 nonne
1983 447 2144 511 satis
2203 448 2332 512 fuit

308 534 390 600 iis
430 532 677 612 gratias
734 534 870 619 agi,
944 532 1245 617 denique,
1314 536 1394 598 ut
1454 532 1933 617 perliberaliter
2009 539 2331 620 ageretur,

308 622 575 687 honoris
648 622 895 706 aliquid
963 621 1238 685 haberi?
1351 619 1484 685 Cur
1552 621 1686 686 tria
1755 621 2021 706 praedia
2105 626 2331 688 tantae

308 711 617 796 pecuniae
673 710 895 775 statim
945 707 1254 794 Capitoni
1308 707 1594 773 dantur?
1655 730 1794 792 cur,
1862 731 2027 793 quae
2079 710 2331 795 reliqua
2356 740 2384 781 ι

310 802 479 882 sunt,
523 798 650 862 iste
698 798 769 861 T.
812 797 1084 862 Roscius
1129 795 1350 862 omnia
1393 815 1537 861 cum
1576 794 2004 882 Chrysogono
2051 819 2331 863 commu·

307 887 481 950 niter
534 885 868 969 possidet?
948 883 1182 950 Nonne
1239 884 1651 969 perspicuum
1700 888 1831 967 est,
1884 885 2153 969 iudices,
2210 886 2329 951 has

205 1024 292 1086 38
345 973 686 1038 manubias
712 972 967 1038 Rosciis
996 970 1494 1074 Chrysogonum
1518 993 1590 1036 re
1618 972 1880 1056 cognita
1894 974 2327 1039 concessisse?

208 1100 309 1149 109
439 1060 640 1126 Venit
694 1060 765 1125 in
815 1060 1035 1125 decem
1084 1059 1317 1145 primis
1370 1060 1628 1145 legatus
1681 1059 1752 1124 in
1806 1064 2022 1125 castra
2055 1060 2328 1162 Capito.

346 1149 584 1214 Totam
618 1149 841 1233 vitam,
883 1152 1189 1214 naturam
1207 1165 1566 1251 moresque
1596 1147 1882 1213 hominis
1930 1170 2008 1213 ex
2046 1149 2194 1234 ipsc
2237 1150 2324 1212 le·
2355 1179 2410 1219 ιο

310 1237 574 1322 gatione
610 1236 999 1322 cognoscite.
1079 1231 1226 1301 Nisi
1260 1235 1734 1320 intellexeritis,
1769 1235 2029 1320 iudices,
2070 1237 2326 1301 nullum

310 1346 450 1389 esse
487 1324 789 1425 officium,
821 1324 1133 1389 nullum'
1113 1345 1216 1388 ius
1252 1328 1391 1389 tam
1430 1327 1728 1388 sanctum
1750 1327 1952 1408 atque
1980 1324 2328 1425 integrum,

311 1412 483 1495 quod
516 1433 650 1476 non
685 1412 821 1477 eius
860 1412 1072 1477 scelus
1109 1415 1306 1496 atque
1340 1411 1613 1495 perfidia
1646 1410 1912 1476 violarit
1937 1412 2050 1475 et
2030 1412 2327 1477 imminu-

207 1523 309 1570 ιιο
346 1500 489 1584 erit,
515 1499 726 1565 virum
758 1500 1079 1584 optimum
1103 1520 1248 1563 esse
1267 1521 1416 1563 eum
1431 1498 1799 1564 iudicatote.
1854 1499 2326 1584 Impedimento

310 1590 428 1671 est,
470 1609 597 1672 quo
643 1587 857 1652 minus
894 1586 972 1651 de
1007 1586 1110 1651 his
1147 1588 1341 1651 rebus
1387 1584 1571 1651 Sulla
1607 1586 1928 1670 doceatur,
1960 1592 2325 1653 ceterorum
2353 1617 2408 1658 ιε,

309 1675 675 1761 legatorum
704 1675 975 1740 consilia
1011 1679 1078 1739 et
1112 1675 1519 1739 voluntatem
1547 1672 1974 1761 Chrysogono
2008 1677 2325 1760 emmtiat,

309 1767 554 1847 monet,
608 1767 684 1828 ut
735 1762 1103 1848 provideat,
1153 1783 1238 1826 ne
1289 1764 1512 1847 palam
1556 1784 1658 1827 res
1702 1766 1968 1849 agatur,
2013 1764 2325 1848 ostendit,

310 1852 365 1916 si
438 1852 701 1917 sublata
772 1850 862 1914 sit
929 1850 1217 1915 venditio
1289 1850 1635 1934 bonorum,
1686 1850 1905 1915 illum
1985 1852 2325 1936 peeuniam

310 1939 622 2026 grandem
667 1938 1074 2025 amissurum,
1121 1959 1262 2003 sese
1303 1938 1536 2024 capitis
1570 1937 1930 2024 periculum
1970 1939 2326 2025 aditurum3

307 2029 497 2093 illum
542 2050 786 2113 acuere,
821 2027 962 2107 hoS‚
998 2028 1111 2112 qui
1155 2027 1353 2093 simul
1399 2030 1585 2091 erant
1617 2027 1818 2110 missi,
1852 2026 2098 2111 fallere,
2133 2029 2325 2095 illum
2355 2057 2409 2097 ιο

307 2115 658 2181 identidem
677 2136 957 2199 monere,
969 2119 1045 2179 ut
1062 2119 1337 2199 caveret,
1369 2115 1545 2179 hisce
1561 2114 1869 2180 insidiose
1887 2137 2068 2200 spem
2076 2116 2326 2181 falsam

310 2202 675 2285 ostendere,
729 2225 874 2267 cum
918 2202 1035 2266 illo
1083 2205 1312 2267 contra
1354 2202 1476 2267 hos
1520 2202 1684 2267 inire
1739 2203 2034 2285 consilia,
2088 2204 2326 2269 horum

309 2290 583 2356 consilia
614 2290 718 2353 illi
754 2290 1107 2367 enuntiare,
1143 2309 1290 2354 cum
1324 2289 1444 2354 illo
1478 2293 1734 2374 partem
1771 2311 1957 2356 suam
1992 2291 2325 2378 depecisci,

307 2378 486 2442 hisce
514 2377 735 2460 aliqua
758 2377 912 2442 ficta
939 2397 1122 2442 mora
1158 2396 1413 2462 semper
1449 2399 1671 2442 omnes
1709 2378 1922 2443 aditus
1960 2379 2043 2444 ad
2072 2379 2325 2445 Sullam

307 2464 751 2529 intercludere.
840 2463 1184 2530 Postremo
1225 2465 1356 2530 iste
1402 2465 1755 2550 hortatore,
1802 2470 2081 2551 auctore,
2124 2468 2323 2533 inter-
2355 2495 2408 2536 π

310 2573 562 2619 cessore
616 2552 698 2617 ad
745 2551 994 2618 Sullam
1040 2553 1244 2638 legati
1287 2572 1419 2618 non
1462 2554 1788 2637 adierunt3
1840 2554 2032 2620 istius
2074 2555 2202 2620 fide
2247 2577 2324 2621 ac

307 2640 527 2727 potius
579 2640 851 2725 perfidia
904 2638 1180 2726 decepti,
1241 2641 1311 2705 id
1360 2641 1537 2725 quod
1586 2663 1667 2705 ex
1718 2641 1878 2725 ipsis
1939 2664 2326 2729 cognoscere

307 2728 627 2815 poteritis,
673 2729 732 2792 si
776 2733 1111 2794 accusator
1154 2728 1439 2794 voluerit
1472 2729 1917 2794 testimonium
1955 2730 2048 2794 eis
2086 2731 2322 2796 denun-

307 2817 503 2899 tiare,
557 2838 676 2918 pro
733 2838 804 2881 re
857 2821 1036 2882 certa
1094 2838 1276 2902 spem
1320 2816 1559 2881 falsam
1606 2816 1866 2882 domum
1912 2819 2326 2883 rettulerunt.

210 2929 304 2975 111
342 2904 422 2969 In
475 2904 749 2990 privatis
801 2904 996 2969 rebus
1052 2904 1109 2969 si
1161 2904 1270 2988 qui
1326 2925 1466 2968 rem
1521 2904 1895 2969 mandatam
1945 2927 2079 2971 non
2130 2906 2326 2972 modo
2357 2935 2412 2975 ιο

309 2992 701 3058 malitiosius
747 2992 1058 3079 gessisset
1101 2992 1204 3057 sni
1247 2995 1555 3076 quaestus
1601 2995 1716 3056 aut
1760 2993 2081 3058 commodi
2113 3016 2329 3078 causa,

308 3102 533 3146 verum
580 3081 780 3145 etiam
822 3080 1295 3165 neglegentius,
1340 3101 1486 3144 eum
1531 3080 1808 3145 maiores
1856 3103 2180 3146 summum
2214 3082 2328 3148 ad-

310 3169 567 3233 misisse
619 3167 891 3233 dedecus
945 3167 1424 3235 existimabant.
1522 3166 1755 3251 Itaque
1817 3169 2111 3233 mandati
2173 3191 2327 3235 con-

312 3257 617 3320 stitutum
672 3259 772 3320 est
822 3255 1129 3320 iudicium
1180 3277 1315 3320 non
1368 3255 1581 3320 minus
1633 3259 1826 3340 turpe
1888 3278 2086 3340 quam
2143 3256 2327 3341 furti,

313 3342 529 3427 eredo,
573 3346 922 3428 propterea
965 3342 1164 3428 quod,
1203 3342 1445 3427 quibus
1488 3343 1559 3406 ιιι
1602 3343 1795 3408 rebus
1838 3344 1969 3444 ipsi
2010 3344 2328 3410 iuteresse
2356 3372 2414 3414 ss

311 3451 445 3494 non
487 3450 853 3514 possumus,
896 3430 970 3495 ιιι
1009 3430 1091 3495 ιιι
1129 3450 1363 3515 operae
1397 3434 1661 3495 nostrae
1696 3431 1940 3496 vicaria
1970 3432 2133 3497 fides
2170 3431 2329 3498 ami·

315 3538 536 3583 corum
574 3518 985 3601 supponitur,
1031 3539 1226 3602 quam
1263 3518 1376 3603 qui
1409 3517 1628 3604 laedit,
1664 3523 2001 3605 oppugnat
2032 3521 2330 3585 omnium
2466 3544 2495 3557 ·
