2566 4016
330 219 463 283 486
929 215 1009 270 IN
1048 215 1105 273 C.
1136 214 1447 272 VERREM
1484 215 1643 272 ACT.
1682 215 1751 270 11.

331 360 722 447 produxero,
778 360 889 445 qui
943 381 1096 426 suos
1148 360 1423 426 libertos
1473 361 1589 425 abs
1638 363 1705 425 te
1751 360 1961 426 securi
2006 381 2367 443 percussos

332 470 473 515 esse
510 449 702 532 dicat,
748 448 859 533 qui
896 448 1014 513 abs
1051 453 1118 512 te
1152 470 1388 514 navem
1425 469 1610 515 suam
1658 469 2029 532 mercesque
2078 454 2363 533 repetat,

332 536 636 621 refellite,
672 536 730 601 si
756 536 1029 621 poteris3
1067 557 1282 601 meum
1310 539 1549 602 testem
1587 535 1900 619 deseram,
1934 535 2060 601 tibi
2097 535 2364 622 favebo,

331 629 425 708 te,
486 625 780 710 inquam,
845 624 1193 707 adiuvab03
1256 624 1582 689 ostendito
1645 624 1799 689 illos
1853 645 2000 690 cum
2056 621 2360 690 Sertorio

330 712 559 798 fuisse,
614 713 697 778 ab
747 711 984 777 Dianio
1040 711 1352 798 fugientis
1407 712 1489 777 ad
1536 709 1825 777 Siciliam
1880 732 2021 777 esse
2077 712 2361 778 delatos.
2389 732 2414 773 5

333 800 519 866 Nihil
586 805 713 885 est,
786 799 957 883 quod
1019 803 1088 864 te
1152 799 1418 865 mallem
1480 800 1784 883 probare3
1856 800 2113 865 nullum
2179 802 2363 866 enim

331 889 610 974 facinus,
676 887 847 973 quod
903 888 1148 953 maiore
1202 887 1523 972 supplicio
1579 887 1848 973 dignum
1905 887 2019 972 sit,
2078 890 2365 973 reperiri

231 991 333 1042 155
368 997 576 1061 neque
611 975 895 1059 proferri
926 980 1163 1058 potest.
1244 975 1573 1041 Reducam
1617 975 1855 1040 iterum
1902 975 2193 1060 equitem
2231 977 2367 1043 Ro-

335 1086 618 1148 manum,
661 1064 732 1129 L.
768 1063 1087 1147 Flavium,
1132 1063 1190 1128 si
1224 1064 1425 1148 voles,
1471 1063 1777 1148 quoniam
1814 1063 2030 1147 priore
2078 1065 2364 1149 actione,

334 1156 410 1218 ut
461 1153 723 1237 patroni
777 1151 874 1217 tui
929 1151 1260 1236 dictitant,
1312 1172 1487 1216 nova
1540 1151 1823 1236 quadam
1870 1152 2226 1237 sapientia,
2282 1159 2365 1219 ut
2392 1171 2438 1212 ιο
2502 1196 2503 1209 ,

336 1262 561 1306 omnes
614 1240 1035 1326 intellegunt,
1089 1239 1484 1305 conscientia
1536 1243 1653 1305 tua
1708 1243 1904 1324 atque
1960 1241 2364 1307 auctoritate

336 1350 628 1395 meorum
689 1328 957 1394 testium
1016 1332 1253 1394 testem
1306 1328 1560 1393 nullum
1612 1327 1859 1393 interro
1910 1328 2055 1393 asti.
2145 1327 2366 1395 Inter·

334 1421 605 1501 rogetur
639 1415 925 1497 Flavius,
972 1415 1027 1479 si
1072 1415 1271 1499 voles,
1320 1417 1585 1500 quinam
1628 1414 1828 1481 fuerit
1922 1414 2364 1502 .Herennius,

333 1504 390 1567 is
430 1524 622 1586 quem
662 1502 776 1566 ille
824 1503 1264 1588 argentariam
1301 1502 1497 1588 Lepti
1540 1504 1770 1569 fecisse
1816 1503 1996 1588 dicit;
2043 1505 2159 1588 qui
2209 1528 2363 1572 cum

335 1589 615 1674 amplius
671 1593 930 1654 centum
983 1590 1142 1654 civis
1187 1590 1519 1657 Romanos
1573 1591 1844 1657 haberet
1899 1613 1977 1656 ex
2026 1598 2366 1661 conventu
2392 1610 2435 1653 ιε

334 1675 771 1762 Syracusano,
837 1678 948 1762 qui
1012 1700 1158 1743 eum
1219 1700 1355 1744 non
1410 1680 1621 1744 solum
1679 1686 2174 1765 cognoscerent,
2246 1683 2364 1748 sed

335 1767 534 1832 etiam
560 1766 978 1832 lacrimantes
1007 1788 1082 1832 ac
1113 1771 1179 1831 te
1213 1766 1619 1851 inplorantes
1657 1767 2091 1851 defenderent,
2126 1772 2366 1836 tamen

333 1855 850 1939 inspectantibus
911 1855 1210 1920 omnibus
1264 1853 1687 1940 Syracusanis
1743 1856 1951 1922 securi
2001 1877 2364 1940 percussus

335 1942 453 2010 est.
558 1941 750 2008 Hunc
822 1964 1075 2028 quoque
1147 1946 1384 2008 testem
1456 1965 1670 2010 meum
1743 1943 1953 2008 refelli
2026 1949 2094 2010 et
2156 1946 2363 2014 illum

332 2031 734 2096 Herennium
781 2030 1223 2097 Sertorianum
1277 2031 1479 2097 fuisse
1524 2034 1642 2097 abs
1687 2036 1755 2097 te
1801 2033 2245 2099 demonstrari
2293 2042 2365 2102 et
2390 2051 2435 2092 ’θ

333 2119 600 2203 probari
646 2119 815 2184 volo.

230 2179 333 2306 {⁵33
468 2204 636 2283 Quid
673 2206 751 2271 de
786 2206 906 2271 illa
941 2206 1356 2272 multitudine
1401 2206 1685 2274 dicemus
1732 2229 1972 2291 eorum,
2020 2209 2132 2293 qui
2182 2213 2365 2296 capi·

333 2295 512 2360 tibus
559 2294 873 2360 involutis
918 2294 989 2358 in
1031 2294 1394 2378 piratarum
1438 2295 1841 2379 captivorum
1884 2317 2155 2363 numero
2206 2321 2364 2383 pro-

334 2381 755 2464 ducebantur,
827 2386 902 2446 ut
972 2383 1180 2447 securi
1241 2382 1633 2448 ferirentur?
1742 2383 1920 2457 Quae
1981 2384 2113 2449 ista
2176 2408 2364 2454 nova

332 2469 691 2554 diligentia,
737 2490 933 2552 quam
970 2470 1053 2533 ob
1101 2491 1362 2535 causam
1410 2470 1527 2535 abs
1573 2474 1639 2535 te
1685 2471 2099 2557 excogitata?
2146 2495 2245 2539 an
2289 2481 2363 2541 te
2388 2491 2434 2534 ns

330 2556 402 2622 L.
429 2555 617 2621 Flavi
653 2558 1139 2641 ceterorumque
1179 2557 1258 2623 de
1292 2558 1364 2623 L.
1392 2557 1718 2624 Herennio
1757 2558 2136 2644 vociferatio
2177 2583 2362 2629 com-

330 2642 680 2710 movebat?
737 2664 821 2709 an
866 2644 951 2708 M.
988 2643 1190 2729 Anni,
1238 2646 1609 2731 gravissimi
1654 2651 1848 2731 atque
1894 2647 2363 2716 honestissimi

328 2733 479 2818 viri,
543 2754 796 2798 summa
860 2734 1215 2799 auctoritas
1268 2735 1465 2818 paulo
1522 2734 2000 2821 diligentiorem
2054 2736 2365 2805 timidio-

327 2842 593 2906 remque
654 2819 942 2886 fecerat?
1008 2822 1120 2906 qui
1181 2843 1387 2906 nuper
1445 2844 1566 2907 pro
1620 2822 1996 2889 testimonio
2046 2844 2185 2889 non
2247 2828 2364 2893 ad-

325 2930 561 2975 venam
605 2909 822 2973 nescio
871 2931 1062 2994 quem
1105 2930 1223 2975 nec
1269 2909 1572 2994 alienum,
1619 2910 1730 2975 sed
1777 2928 1924 2976 eum
1969 2911 2179 2977 civem
2226 2914 2366 2981 Ro-
2391 2934 2437 2976 so

305 3019 619 3081 „manum,
693 2997 804 3081 qui
873 2997 1171 3062 omnibus
1235 2998 1307 3061 in
1368 2998 1484 3063 illo
1551 3002 1872 3064 conventu
1933 3003 2128 3064 notus
2137 3051 2156 3083 ,
2240 3004 2366 3090 qui

327 3082 660 3168 Syracusis
715 3088 910 3150 natus
966 3089 1164 3169 esset,
1221 3085 1339 3150 abs
1394 3090 1460 3150 te
1516 3086 1724 3151 securi
1776 3107 2154 3171 percussum
2207 3111 2366 3157 esse

223 3183 322 3235 157
361 3172 539 3239 dixit.
629 3171 791 3238 Post
844 3173 1012 3239 hanc
1056 3173 1321 3238 illorum
1365 3172 1921 3259 vociferationem,
1974 3180 2126 3260 post
2172 3176 2366 3246 hanc

325 3282 729 3327 communem
779 3259 1023 3326 famam
1070 3265 1264 3345 atque
1313 3262 1782 3346 querimoniam
1825 3283 1960 3327 non
2002 3263 2240 3330 mitior
2286 3268 2367 3332 in

326 3349 641 3432 supplicio
651 3397 669 3432 ,
738 3348 848 3413 sed
913 3349 1291 3435 diligentior
1353 3371 1493 3414 esse
1557 3351 1795 3435 coepit3
1859 3350 2188 3434 capitibus
2260 3355 2367 3420 in·
2392 3371 2438 3414 ³⁵

322 3434 567 3497 volutis
623 3435 780 3500 civis
803 3434 1159 3536 ‘Romanos
1214 3437 1297 3503 ad
1349 3458 1572 3504 necem
1626 3438 1978 3522 producere
2022 3438 2365 3527 instituit-3

323 3535 485 3593 quos
531 3523 753 3584 tamen
797 3521 1036 3589 1dcirco
1082 3525 1360 3590 necabat
1405 3526 1656 3612 palam,
1711 3526 1883 3612 quod
1927 3525 2235 3594 homines
2285 3531 2371 3596 in
