2566 4016
307 214 437 280 282
908 212 983 267 IN
1023 211 1081 269 C.
1120 211 1428 266 VERREM
1463 210 1622 265 ACT.
1659 211 1728 264 Π.

308 380 382 424 ac
411 358 646 441 spiritu
675 378 791 421 suo
819 355 971 438 vini,
1001 356 1334 441 unguenti,
1363 355 1651 439 corporis
1681 354 1878 420 odore
1907 354 2324 437 complesset3

308 446 578 510 dixisset
614 445 792 529 haec,
839 466 1002 528 quae
1040 445 1237 529 volgo
1276 443 1486 506 dicere
1526 442 1801 524 solebat,
1845 463 1977 505 11011
2023 463 2093 505 30
2140 441 2327 506 decu-

309 555 448 599 mas
501 533 761 618 emisse,
816 533 929 596 sed
973 532 1145 595 bona
1189 531 1615 615 fortunasque
1662 534 2022 611 aratorum,
2074 551 2209 593 11011
2253 551 2324 593 30

310 623 733 687 decumanum
789 641 928 684 esse
974 619 1366 704 Apronium,
1422 618 1535 683 sed
1569 617 1842 682 Verrem
1889 619 2169 682 alterum
2216 616 2323 681 do-

308 712 556 774 minum
593 709 859 773 illorum
905 729 979 773 ac
1024 712 1391 791 tyrannum.
1474 705 1652 782 Quae
1698 727 1844 770 cum
1890 705 2178 788 dixisset,
2221 704 2325 768 illi
2349 721 2378 761 5

308 798 543 882 optimi
604 796 729 860 viri
793 796 870 858 de
933 794 1198 860 cohorte
1260 795 1452 858 istius
1515 796 2000 878 recuperatores
2049 813 2191 857 -non
2246 793 2324 856 de

308 883 702 949 absolvendo
723 882 1015 966 Apronio
1047 882 1498 964 deliberarent,
1535 881 1649 945 sed
1681 884 2084 964 quaererent,
2118 901 2322 963 000110

310 972 502 1036 1110ᾱο
557 971 906 1055 petitorem
961 971 1176 1053 ipsum
1222 969 1516 1052 Apronio
1564 970 1990 1034 condemnare
2036 972 2323 1052 possent.

204 1032 289 1158 ἐξ
441 1058 629 1124 Hanc
692 1062 766 1122 tu
831 1057 1160 1123 licentiam
1227 1056 1733 1140 diripiendorum
1789 1060 2122 1121 aratorum
2176 1077 2324 1120 cum

311 1147 697 1229 decumanis,
733 1147 858 1210 1100
897 1149 996 1210 est
1033 1167 1178 1209 cum
1201 1145 1496 1229 Apronio
1533 1144 1959 1228 permisisses,
1995 1147 2087 1227 ut,
2125 1165 2323 1228 quan·
2355 1162 2409 1202 ιο

308 1240 451 1300 tum
478 1235 697 1318 vellet,
723 1237 1037 1318 posceret,
1067 1237 1384 1317 quantum
1411 1232 1833 1316 poposcisset,
1862 1230 2163 1315 auferret,
2198 1231 2325 1296 hoc

307 1324 433 1388 tibi
497 1322 885 1386 defensionis
951 1322 1033 1385 ad
1089 1321 1397 1386 iudicium
1454 1323 1640 1384 tuum
1693 1320 2145 1403 comparabas,
2208 1318 2325 1384 ha-

307 1411 528 1474 buisse
557 1413 623 1473 te
661 1409 939 1473 edictum
976 1412 1461 1492 recuperatores
1498 1409 1569 1471 in
1604 1409 1937 1492 octuplum
1975 1407 2325 1471 daturum?

310 1495 379 1561 Si
445 1496 845 1560 mehercules
902 1517 978 1559 ex
1035 1496 1212 1560 omni
1267 1496 1455 1579 copia
1509 1500 1861 1560 conventus
1916 1492 2323 1579 Syracusani,

311 1583 981 1668 splendidissimorum
1033 1582 1769 1666 honestissimorumque
1812 1583 2176 1666 hominum,
2229 1582 2323 1646 fa·
2355 1600 2409 1641 1⁶

311 1693 491 1738 ceres
516 1674 910 1755 potestatem
940 1671 1185 1735 aratori
1215 1692 1350 1735 11011
1384 1671 1937 1753 modo-reiciendi,
1974 1671 2086 1734 sed
2123 1671 2325 1735 etiam

311 1759 605 1825 sumendi
628 1762 1132 1843 recuperatores»,
1158 1762 1382 1823 tamen
1402 1760 1527 1823 hoc
1547 1780 1788 1823 novum
1817 1779 2019 1844 genus
2046 1758 2325 1822 iniuriae

308 1848 478 1912 ferre
514 1869 706 1911 nemo
744 1850 985 1931 posset,
1031 1851 1116 1930 te,
1161 1869 1307 1911 cum
1354 1850 1501 1910 tuos
1550 1868 1773 1911 omnes
1817 1846 2067 1911 fructus
2111 1846 2326 1930 publi-

310 1958 469 2001 cano
524 1936 904 2001 tradidisses
962 1938 1026 1999 et
1082 1956 1219 1999 rem
1276 1935 1353 1998 de
1406 1934 1707 1998 manibus
1763 1934 2119 2018 amisisses,
2179 1938 2325 1998 tum

203 2038 270 2087 33
309 2026 481 2090 bona
517 2028 632 2089 tua
668 2028 959 2109 repetere
997 2045 1071 2087 ac
1106 2024 1409 2107 persequi
1446 2024 1562 2086 lite
1600 2027 1794 2107 atque
1837 2023 2091 2087 iudicio.
2156 2020 2325 2087 Cum
2357 2041 2412 2082 πο

308 2134 461 2177 vero
527 2113 727 2176 verbo
789 2111 1095 2176 iudicium
1162 2111 1249 2173 sit
1301 2111 1371 2174 in
1425 2111 1661 2194 edicto,
1723 2132 1795 2174 re
1855 2110 2113 2193 quidem
2167 2132 2328 2175 vera

308 2204 572 2264 tuorum
627 2199 966 2280 comitum,
1019 2197 1359 2262 hominum
1412 2198 1983 2281 nequissimorum,
2046 2199 2324 2263 collusio

309 2309 455 2351 cum
493 2286 882 2368 decumanis,
927 2285 1118 2348 sociis
1158 2285 1290 2348 tuis
1328 2288 1522 2367 atque
1565 2286 1723 2351 adeo
1770 2286 2328 2371 procuratoribus,

308 2378 531 2437 tamen
595 2372 789 2436 audes
846 2371 1042 2435 ullius
1100 2372 1494 2436 mentionem
1548 2373 1767 2437 iudicii
1820 2372 2076 2438 facere?
2139 2395 2328 2457 prae-

310 2459 536 2523 sertim
579 2480 726 2523 cum
769 2459 836 2522 id
879 2480 1013 2523 non
1058 2459 1248 2524 modo
1298 2460 1591 2525 oratione
1638 2482 1800 2543 mea,
1846 2461 1959 2525 sed
2005 2461 2205 2525 etiam
2253 2484 2328 2526 re
2357 2479 2413 2518 8⁵

306 2548 453 2631 ipsa
484 2546 870 2647 refellatur,
927 2546 1098 2630 quod
1149 2548 1220 2610 in
1264 2548 1470 2611 tantis
1515 2549 1938 2613 incommodis
1986 2553 2330 2613 aratorum

305 2634 686 2718 iniuriisque
760 2635 1255 2700 decumanorum
1328 2636 1582 2700 nullum
1649 2657 1727 2700 01
1788 2637 1920 2700 isto
1983 2637 2328 2721 praeclaro

308 2723 517 2787 edicto
572 2744 704 2787 non
757 2722 950 2787 modo
996 2722 1268 2807 factum,
1326 2723 1438 2787 sed
1482 2745 1564 2787 ne
1608 2724 2014 2808 postulatum
2061 2725 2333 2807 quidem

306 2811 612 2876 iudicium
659 2810 1002 2874 invenitur.

202 2902 271 2952 34
439 2899 588 2963 Erit
623 2902 846 2962 tamen
881 2898 948 2962 in
986 2902 1276 2963 aratores
1316 2898 1523 2963 lenior
1561 2919 1755 2982 quam
1793 2900 2066 2964 videtur.
2147 2899 2332 2966 Nam
2362 2918 2419 2958 ³⁰

308 2988 418 3071 qui
453 2987 524 3050 in
562 2986 949 3051 decumanos
991 2987 1239 3070 octupli
1282 2986 1590 3051 iudicium
1637 3008 1706 3050 se
1753 2987 2057 3053 daturum
2103 2988 2335 3070 edixit,

305 3075 476 3138 idem
524 3075 757 3139 habuit
801 3074 872 3137 in
916 3074 1125 3138 edicto
1174 3095 1241 3138 se
1287 3074 1358 3137 in
1402 3078 1727 3138 aratorem
1771 3075 1841 3138 in
1888 3039 2336 3161 quadruplum'

305 3162 627 3227 daturum.
702 3161 857 3236 Quis
896 3161 1067 3226 hunc
1103 3161 1298 3225 audet
1337 3160 1544 3226 dicere
1591 3162 1963 3229 aratoribus
2008 3163 2338 3229 infestum

306 3250 465 3313 aut
446 3250 778 3314 inimicum
813 3249 1058 3313 fuisse?
1106 3253 1349 3332 quanto
1389 3249 1598 3314 lenior
1635 3253 1736 3313 est
1773 3272 1970 3334 quam
2006 3251 2078 3315 in
2113 3253 2338 3335 publi-

307 3340 563 3401 canum!
664 3337 914 3418 Edixit,
978 3340 1077 3419 ut,
1143 3337 1316 3420 quod
1381 3337 1768 3402 decumanus
1833 3339 2142 3403 edidisset
2200 3341 2341 3405 sibi
2369 3357 2422 3399 ³⁵

308 3420 448 3481 dari
493 3427 818 3505 oportere,
863 3386 930 3487 id
977 3425 1059 3489 ab
1107 3429 1365 3489 aratore
1412 3426 1842 3510 magistratus
1889 3424 2146 3491 Siculus
2196 3429 2342 3493 exi-

310 3510 509 3587 geret.
582 3507 749 3581 Quid
785 3511 1017 3594 reliqui
1055 3516 1156 3576 est
1193 3512 1432 3596 iudicii,
1478 3512 1651 3595 quod
1694 3514 1765 3577 in
1810 3518 2138 3579 aratorem
2187 3516 2347 3582 dari
