2566 4016
334 181 462 246 238
927 181 1005 235 IN
1044 181 1101 237 C.
1138 181 1447 236 VERREM
1481 180 1640 237 ACT.
1678 182 1745 236 ΙΙ.

231 336 329 386 107
369 328 626 408 gestum
664 346 803 389 esse
850 325 1212 390 concedam.
1282 326 1394 408 At,
1440 326 1646 408 credo,
1693 323 1999 390 Sthenius
2045 324 2170 389 hoc
2218 325 2337 389 sibi

334 413 622 496 amplum
644 413 917 496 putavit,
945 413 1185 497 eligere
1218 435 1295 478 ex
1325 412 1561 478 civium
1586 413 2027 478 Romanorum
2054 433 2338 495 numer0,

333 520 410 564 ex
474 501 824 565 amicorum
890 503 1084 584 atque
1146 501 1480 585 hospitum
1545 522 1810 565 suorum
1873 500 2087 583 copia,
2152 521 2337 582 quem

331 589 733 673 cognitorem
808 588 1008 653 daret.
1119 589 1324 665 Quem
1396 589 1681 673 delegit?
1756 588 1900 672 quis
1964 588 2033 651 in
2095 588 2334 652 tabulis

333 676 611 760 scriptus
645 677 788 740 est?
862 674 930 741 C.
960 674 1267 741 Claudius
1308 674 1377 741 O.
1403 675 1475 742 F.
1501 675 1821 741 Palatina.
1893 674 2045 740 Non
2083 697 2335 759 quaero,
2359 692 2384 733 5

332 763 474 847 quis
504 763 610 828 hic
638 764 726 827 sit
754 761 1080 848 Claudius,
1117 786 1311 848 quam
1348 764 1740 847 splendidus,
1778 785 1972 847 quam
2008 763 2335 847 honestus,

331 873 525 934 quam
587 850 885 933 idoneuS,
947 857 1213 936 propter
1267 852 1446 916 cuius
1504 852 1959 916 auctoritatem
2015 854 2082 914 et
2136 850 2334 936 digni·

328 942 532 1002 tatem
590 936 893 1003 Sthenius
959 939 1041 1003 ab
1106 938 1393 1003 omnium
1450 937 1810 1004 Siculorum
1881 939 2335 1003 consuetudine

329 1026 682 1091 discederet
708 1030 774 1090 et
807 1027 1013 1091 civem
1039 1027 1407 1091 Romanum
1444 1027 1849 1111 cognitorem
1888 1027 2089 1091 daret.
2153 1024 2334 1090 Nihil

327 1113 560 1179 horum
590 1135 854 1198 quaer03
891 1115 1172 1179 fortasse
1209 1115 1381 1179 enim
1419 1112 1723 1178 Sthenius
1759 1136 1893 1179 non
1928 1114 2334 1198 splendorem
2364 1133 2416 1171 10

327 1201 638 1286 hominiS,
707 1201 819 1267 sed
878 1202 1398 1267 familiaritatem
1464 1206 1720 1267 secutus
1785 1206 1901 1267 est.
2001 1199 2210 1276 Quid?
2280 1203 2336 1266 si

328 1291 615 1354 omnium
661 1291 1037 1355 mortalium
1080 1312 1270 1355 nemo
1309 1287 1579 1355 Sthenio
1624 1290 1945 1355 inimicior
1991 1311 2185 1372 quam
2229 1290 2336 1356 hic

327 1376 395 1441 O.
443 1375 751 1440 Claudius
808 1400 952 1442 cum
1009 1399 1290 1462 semper,
1351 1382 1493 1442 tum
1547 1378 1617 1442 in
1668 1377 1771 1442 his
1822 1377 1983 1461 ipsis
2031 1377 2222 1441 rebus
2269 1382 2337 1443 et

325 1464 728 1546 temporibus
764 1464 905 1547 fuit,
942 1465 998 1528 si
1035 1465 1113 1529 de
1150 1465 1388 1530 litteris
1427 1466 1747 1550 corruptis
1785 1469 2011 1530 contra
2045 1465 2241 1549 venit,
2280 1467 2335 1528 si

325 1555 552 1615 contra
580 1551 758 1614 omni
784 1551 1035 1616 ratione
1060 1553 1399 1637 pugnavit,
1426 1557 1644 1618 utrum
1670 1553 1888 1638 potius
1916 1574 2035 1636 pro
2065 1515 2334 1618 Sthenio
2365 1570 2420 1610 1⁵

323 1638 654 1703 inimicum
660 1639 1085 1740 cognitorem
1114 1661 1253 1704 esse
1286 1639 1532 1705 factum
1569 1663 1651 1705 an
1687 1645 1754 1705 te
1790 1640 1871 1704 ad
1910 1639 2137 1705 Stheni
2171 1641 2335 1724 peri-

217 1784 304 1847 44
324 1727 540 1791 culum
585 1726 830 1791 inimici
874 1727 1009 1792 eius
1054 1728 1316 1792 nomine
1363 1729 1637 1793 abusum
1683 1749 1822 1792 esse
1869 1728 2245 1793 credemus?

221 1860 320 1909 108
455 1816 552 1879 Ac
604 1836 686 1879 ne
743 1815 854 1898 qui
906 1815 1076 1880 forte
1131 1815 1414 1898 dubitet,
1478 1816 1656 1881 euius
1712 1814 1887 1880 modi
1940 1816 2065 1880 hoc
2119 1819 2334 1880 totum

359 1901 445 1965 sit
488 1903 840 1986 negotium,
885 1903 1150 1968 tametsi
1194 1904 1326 1970 iam
1374 1866 1613 1968 dudum
1659 1903 1958 1967 omnibus
1997 1902 2234 1968 istius
2214 1926 2334 1968 1111-

321 1990 716 2074 probitatem
777 1991 1184 2077 perspicuam
1249 2014 1389 2057 esse
1448 1991 1725 2076 confido,
1789 1995 2010 2056 tamen
2063 1991 2334 2076 paulum
2360 2010 2417 2050 20

323 2078 518 2142 etiam
601 2080 934 2144 attendite.
1044 2078 1300 2144 Videtis
1382 2081 1569 2144 illum
1652 2080 1988 2162 subcrispo
2072 2080 2333 2165 capi110,

320 2166 607 2250 nigrum,
663 2168 774 2250 qui
825 2188 901 2231 eo
947 2168 1132 2232 vultu
1174 2188 1296 2231 nos
1342 2168 1659 2251 intuetur,
1710 2171 1787 2232 ut
1832 2168 1959 2232 sibi
2003 2166 2143 2251 ipse
2189 2190 2334 2250 per-

323 2257 548 2316 acutus
603 2253 900 2317 videatur
955 2275 1121 2336 esse,
1178 2255 1291 2337 qui
1352 2255 1614 2320 tabulas
1669 2258 1873 2336 tenet,
1930 2255 2041 2339 qui
2087 2256 2336 2339 scribit,

322 2339 434 2422 qui
491 2343 739 2422 monet,
801 2339 913 2422 qui
968 2341 1301 2423 proximus
1358 2347 1472 2406 est.
1562 2343 1629 2407 Is
1684 2346 1785 2407 est
1837 2306 2173 2426 &laudium
2222 2344 2335 2427 qui

320 2426 390 2488 in
434 2421 655 2490 Sicilia
710 2431 1038 2510 sequester
1090 2428 1306 2513 istiuS,
1360 2430 1707 2515 interpreS,
1763 2429 2091 2496 confector
2135 2452 2335 2517 nego·
2367 2449 2421 2489 2⁵

319 2512 587 2595 tiorum,
640 2535 844 2599 prope
889 2516 1142 2600 collega
1187 2516 1583 2582 Timarchidi
1625 2518 2117 2603 numerabatur,
2162 2541 2337 2585 nunc

321 2601 574 2665 obtinet
625 2622 770 2666 eum
816 2602 1057 2687 locum,
1112 2608 1188 2669 ut
1230 2605 1340 2669 vix
1384 2604 1679 2689 Apronio
1725 2606 1827 2670 illi
1873 2606 1949 2669 de
1995 2606 2338 2671 familiari-

318 2692 454 2753 tate
493 2690 838 2754 concedere
873 2690 1187 2776 videatur,
1233 2692 1293 2756 ei
1330 2692 1442 2793 qui
1480 2714 1548 2756 se
1588 2714 1720 2757 non
1757 2693 2171 2776 Timarchidi,
2217 2694 2338 2760 sed

217 2788 315 2837 109
352 2777 559 2862 ipsius
587 2775 810 2842 Verris
849 2778 1168 2864 collegam
1206 2782 1272 2843 et
1309 2780 1555 2846 socium
1594 2802 1735 2845 esse
1781 2782 2055 2846 dicebat.
2127 2780 2339 2847 Dubi-

317 2869 456 2929 tate
503 2866 728 2949 etiam,
775 2865 832 2931 si
875 2867 1178 2951 potestis,
1224 2868 1381 2968 quin
1427 2889 1573 2932 eum
1618 2869 1743 2933 iste
1787 2870 2201 2969 potissimum
2254 2892 2339 2934 ex
2371 2887 2428 2927 3⁰

319 2953 494 3017 omni
542 2975 812 3018 numero
865 2953 1202 3040 delegerit,
1256 2955 1360 3019 cui
1412 2954 1582 3020 hanc
1636 2956 1990 3042 cognitoris
2030 2958 2234 3024 falsi
2211 2982 2340 3024 im-

316 3040 593 3141 probam
654 3063 1002 3126 personam
1063 3042 1452 3127 imponeret,
1520 3065 1714 3126 quem
1776 3048 1843 3109 et
1903 3044 2053 3109 huic
2114 3044 2344 3109 inimi-

317 3128 649 3193 cissimum
685 3133 751 3193 et
798 3130 925 3194 sibi
971 3130 1435 3195 amicissimum
1482 3152 1622 3195 esse
1670 3132 2124 3196 arbitraretur!
2204 3131 2346 3198 Hic

315 3237 433 3281 vos
463 3216 865 3301 dubitabitis,
891 3217 1152 3300 iudices,
1183 3222 1439 3282 tantam
1466 3219 1657 3283 istius
1688 3220 2040 3303 audaciam,
2075 3224 2347 3285 tantam

317 3302 792 3386 crudelitatem,
851 3308 1105 3369 tantam
1159 3306 1461 3371 iniuriam
1516 3307 1884 3374 vindicare?
1949 3306 2347 3372 dubitabitis
2381 3324 2436 3366 ³5

318 3409 498 3451 exem
500 3390 681 3472 plum
745 3355 1010 3457 illorum
1072 3392 1355 3458 iudicum
1417 3395 1622 3477 sequi,
1689 3395 1800 3477 qui
1856 3395 2162 3460 damnato
2221 3394 2349 3461 Gn.

316 3413 667 3542 Dolabella
701 3478 1180 3546 damnationem
1208 3480 1577 3547 Philodami
1606 3480 1877 3567 Opuntii
1912 3482 2354 3570 resciderunt,
