2566 4016
670 229 802 284 ΗΒ.
834 229 885 284 V
948 229 1101 286 CAP.
1130 236 1341 284 34—36
1377 236 1407 295 s
1444 235 1668 285 89-95.
2037 230 2170 294 463

168 374 486 441 hominem
556 374 638 437 in'
699 374 892 438 malis
955 377 1196 458 posset.
1294 373 1504 437 Huius
1571 375 1789 438 autem
1850 375 2168 458 praeclari
2204 389 2273 438 93

169 463 573 546 imperatoris
627 461 724 526 ita
769 466 910 553 erat
957 483 1181 526 severa
1225 461 1402 526 domi
1448 460 1814 545 disciplina,
1867 466 1942 526 ut
1985 462 2055 527 in
2097 485 2169 529 re

169 554 347 615 tanta
400 555 467 614 et
517 555 656 615 tam
702 550 888 635 gravi
933 549 1161 615 nuntio
1206 571 1399 614 nemo
1446 548 1924 633 admitteretur,
1977 562 2167 617 nemo

171 643 349 722 esset,
399 639 510 722 qui
548 637 811 702 auderet
857 642 972 702 aut
1017 637 1441 702 dormientem
1489 637 1770 701 excitare
1817 641 1930 703 aut
1973 637 2170 703 inter·

114 746 143 786 5
169 727 406 812 pellare
444 727 846 812 vigilantem.
925 725 1067 790 Iam
1112 747 1266 791 vero
1312 747 1383 789 re
1431 725 1513 789 ab
1561 725 1859 790 omnibus
1906 726 2170 812 cognita

168 816 586 880 concursabat
622 815 780 878 urbe
826 817 969 879 tota
1014 814 1298 879 maxima
1343 813 1712 878 multitudo.
1782 813 1935 879 Non
1980 814 2169 899 enim,

168 903 326 967 sicut
380 906 521 967 erat
576 907 768 967 antea
823 924 1077 988 semper
1132 901 1554 984 consuetudo,
1606 901 2004 985 praedonum
2060 903 2171 967 ad-

164 995 421 1056 ventum
478 990 892 1076 significabat
943 989 1130 1075 ignis„
1164 1011 1199 1057 e
1255 990 1519 1074 specula
1569 989 1865 1054 sublat'us
1913 994 2026 1056 aut
2072 994 2170 1055 tu-

166 1079 358 1162 mulo,
402 1079 515 1143 sed
550 1079 816 1142 flamma
851 1099 928 1142 ex
963 1079 1107 1162 ipso
1145 1077 1440 1142 incendio
1485 1077 1750 1142 navium
1797 1082 1862 1143 et
1906 1079 2169 1143 calami-

79 1185 138 1224 10
165 1170 366 1230 tatem
440 1170 771 1249 acceptam
843 1169 910 1229 et
980 1165 1338 1249 periculum
1409 1165 1733 1249 reliquum
1802 1166 2168 1232 nuntiabat.

165 1252 322 1318 Cum
390 1256 654 1337 praetor
718 1256 1136 1336 quaereretur
1199 1255 1266 1316 et
1330 1256 1660 1318 constaret
1720 1253 2044 1318 neminem
2109 1254 2169 1318 ei
2187 1251 2272 1316 36

163 1341 520 1423 nuntiasse,
564 1340 642 1403 fit
679 1341 760 1404 ad
807 1339 1068 1405 domum
1117 1341 1251 1405 eius
1301 1361 1446 1406 cum
1493 1341 1774 1407 clamore
1821 1363 2166 1408 concursus

164 1433 354 1513 atque
389 1429 689 1513 impetus,
762 1428 930 1493 Tum
964 1428 1091 1492 iste
1136 1429 1453 1494 excitatus
1502 1428 1681 1494 audit
1725 1451 1863 1494 rem
1910 1452 2167 1495 omnem
2204 1443 2274 1492 94

163 1539 238 1582 ex
282 1517 715 1601 Timarchide,
762 1538 990 1602 sagum
1039 1518 1239 1581 sumit
1285 1514 1575 1603 (lucebat
1619 1517 1752 1582 iam
1796 1517 1979 1604 fere),
2022 1541 2168 1603 pro-

71 1622 133 1663 15
163 1606 328 1671 cedit
363 1607 433 1670 in
467 1606 750 1670 medium
784 1605 939 1688 vini,
985 1605 1214 1688 somni,
1261 1605 1473 1690 stupri
1508 1606 1757 1690 plenus,
1828 1605 2169 1691 Excipitur

162 1695 243 1759 ab
308 1694 607 1758 omnibus
672 1694 808 1758 cius
861 1693 1049 1762 modi
1111 1694 1420 1775 clamore,
1482 1697 1562 1757 ut
1622 1694 1681 1758 ei
1743 1693 2169 1778 Lampsaceni

160 1782 430 1865 periculi
481 1781 836 1846 similitudo
881 1786 1250 1847 versaretur
1298 1784 1448 1845 ante
1495 1780 1744 1863 oculos;
1797 1780 1922 1845 hoc
1968 1781 2169 1846 etiam

161 1869 368 1932 maius
422 1868 547 1933 hoc
601 1868 966 1951 videbatur,
1022 1868 1193 1951 quod
1244 1867 1316 1931 in
1370 1867 1517 1931 odio
1570 1866 1770 1930 simili
1816 1868 2167 1932 multitudo

159 1956 495 2024 hominum
550 1955 710 2021 haec
766 1959 907 2020 erat
951 1976 1268 2019 maxuma.
1361 1954 1526 2020 Tum
1569 1954 1761 2020 istius
1809 1959 1955 2021 acta
2001 1977 2170 2023 com-

65 2065 130 2110 20
159 2044 661 2126 memorabatur,
687 2047 827 2108 tum
854 2043 1185 2128 flagitiosa
1212 2043 1333 2107 illa
1359 2043 1674 2126 convivia,
1709 2047 1850 2108 tum
1885 2045 2170 2129 appella-

157 2134 398 2198 bantur
427 2156 467 2198 a
494 2131 908 2197 multitudine
946 2132 1248 2195 mulieres
1287 2131 1693 2216 nominatim,
1729 2135 1871 2198 tum
1910 2154 2170 2216 quaere-

157 2222 321 2286 bant
384 2242 461 2285 cx
523 2221 652 2285 isto
716 2220 961 2304 palam,
1033 2222 1136 2284 tot
1199 2218 1334 2283 dies
1399 2220 1764 2303 continuos,
1825 2241 1942 2304 per
2007 2243 2169 2304 quos

155 2331 512 2392 numquam
558 2309 735 2373 visus
781 2311 978 2392 esset,
1032 2307 1144 2371 ubi
1188 2306 1448 2391 fuisset,
1504 2308 1658 2391 quid
1703 2308 1971 2393 egisset,
2026 2313 2169 2374 tum

155 2398 514 2482 imperator
552 2397 634 2462 ab
680 2397 810 2461 isto
857 2396 1265 2481 praepositus
1307 2393 1683 2462 Cleomenes
1709 2396 2175 2482 flagitabatur,

57 2503 123 2547 25
154 2507 366 2569 neque
422 2486 765 2570 quicquam
818 2484 1087 2570 propius
1143 2487 1243 2549 est
1296 2483 1570 2568 factum,
1630 2507 1825 2569 quam
1877 2489 1953 2549 ut
2007 2486 2172 2550 illud

152 2572 462 2639 Uticense
518 2574 882 2658 exemplum
939 2573 1015 2638 de
1068 2571 1405 2638 Hadriano
1459 2573 1922 2638 transferretur
1977 2571 2169 2657 Syra-

154 2683 364 2745 cusaS,
399 2666 473 2727 ut
501 2663 625 2727 duo
657 2662 1001 2746 sepulchra
1027 2660 1301 2726 duorum
1333 2664 1710 2745 praetorum
1743 2662 2170 2745 inproborum

154 2747 406 2813 duabus
460 2749 528 2813 in
583 2749 930 2832 provinciis
987 2751 1550 2816 constituerentur.
1638 2746 1885 2813 Verum
1938 2748 2169 2812 habita

152 2839 256 2900 est
322 2858 361 2899 a
424 2835 839 2900 multitudine
902 2836 1072 2900 ratio
1136 2835 1482 2918 temporiS,
1542 2835 1772 2900 habita
1828 2835 2171 2919 tumultus,

51 2943 121 2986 so
149 2923 386 2987 habita
449 2923 646 2987 etiam
710 2922 1048 3008 dignitatis
1115 2921 1738 3005 existimationisque
1793 2923 2170 3007 communis,

149 3012 329 3096 quod
382 3011 440 3074 is
498 3014 598 3075 est
644 3013 996 3076 conventus
1043 3007 1378 3093 Syracusis
1425 3009 1661 3073 civium
1707 3009 2169 3095 Romanorum,

145 3103 226 3164 ut
252 3121 388 3166 non
416 3099 608 3164 modo
637 3098 755 3163 illa
782 3098 1134 3182 provincia,
1168 3117 1393 3162 verum
1423 3096 1620 3161 etiam
1648 3098 1773 3179 hac
1800 3120 1871 3163 re
1905 3098 2170 3184 publica

147 3188 576 3273 dignissimus
651 3187 1071 3251 existimetur.
1176 3182 1580 3250 Confirmant
1650 3186 1779 3271 ipsi
1851 3208 1948 3270 se,
2021 3208 2167 3251 eum
2205 3198 2274 3248 95

142 3275 255 3341 hic
324 3276 521 3341 etiam
587 3279 730 3340 tum
785 3274 1211 3342 semisomnus
1268 3277 1584 3358 stuperet,
1649 3296 1831 3339 arma
1886 3274 2168 3359 capiunt,

46 3381 110 3424 35
143 3368 370 3430 totum
422 3364 636 3429 forum
693 3368 887 3448 atque
940 3363 1258 3447 Insulam,
1317 3383 1481 3445 quae
1537 3366 1638 3426 est
1692 3362 1873 3427 urbis
1928 3383 2169 3448 magna

139 3475 324 3537 pars,
371 3453 717 3538 complent.
790 3450 1005 3517 Unam
1045 3451 1230 3516 illam
1267 3453 1524 3515 noctem
1563 3451 1772 3516 solam
1808 3451 2166 3536 praedones

139 3541 231 3606 ad
277 3539 595 3606 Helorum
641 3540 1054 3621 commorati,
1110 3561 1255 3605 cum
1300 3539 1613 3605 fumantis
1662 3540 1860 3605 etiam
1904 3543 2166 3605 nostras
