2566 4016
270 205 352 265 14
805 199 950 254 PRO
986 199 1046 253 P.
1077 198 1254 264 QUIN
1258 197 1423 253 OTIO
1462 197 1748 254 ORATIO.

265 345 599 414 discribit?
647 344 791 429 quis
825 343 952 408 hoc
988 343 1240 426 statuit,
1287 342 1459 426 quod
1497 364 1774 425 aequum
1813 342 1901 406 sit
1944 342 2016 407 in
2054 342 2285 418 Quinc·

265 435 458 518 tium,
509 433 577 498 id
629 432 923 515 iniquum
979 451 1119 496 esse
1172 430 1243 494 in
1282 429 1646 496 Naevium?
1729 428 2022 507 ‘Quincti
2068 431 2284 516 bona’,

262 523 503 607 inquit,
548 520 658 585 ‘ex
714 519 923 585 edicto
969 518 1292 605 praetoris
1338 538 1641 603 possessa
1687 517 1878 583 sunt?
1960 518 2171 605 Ergo,
2216 483 2284 584 id

263 614 339 674 ut
375 610 702 692 confitear,
746 608 1062 693 postulas,
1106 611 1198 690 ut,
1245 606 1419 690 quod
1454 628 1806 707 numquam
1842 606 2093 671 factum
2141 629 2284 673 esse

262 698 499 763 indicio
530 694 949 778 defendimus,
984 695 1069 779 id,
1104 694 1375 781 proinde
1402 694 1591 778 quasi
1624 694 1872 759 factum
1911 695 2017 778 sit,
2052 700 2282 761 nostro
2311 714 2338 755 5

159 794 228 844 46
264 785 500 851 iudicio
553 783 1049 850 confirmemus?
1140 781 1428 847 Inveniri
1479 782 1677 865 ratio,
1731 780 1800 847 O.
1842 781 2098 884 Aquili,
2151 806 2285 850 non

266 877 505 960 potest,
549 876 624 937 ut
660 872 743 937 ad
780 894 966 936 suum
1004 871 1275 955 quisque
1323 892 1521 955 quam
1563 870 1864 955 primum
1893 871 2031 936 sine
2077 873 2282 937 cuius-

266 984 463 1046 quam
518 960 852 1044 dedecore,
904 958 1175 1024 infamia
1222 959 1631 1044 pernicieque
1674 959 2056 1043 perveniat?
2127 958 2283 1024 Pro-

263 1050 464 1134 fecto,
517 1050 576 1114 si
630 1047 783 1133 quid
838 1047 1204 1131 deberetur,
1255 1050 1536 1131 peteret3
1589 1067 1721 1111 non
1777 1048 1996 1112 omnia
2042 1047 2281 1112 iudicia

263 1139 407 1203 fieri
460 1137 688 1202 mallet
753 1158 947 1221 quam
1002 1158 1201 1199 unum
1240 1134 1431 1218 illud,
1485 1134 1652 1198 unde
1699 1134 1858 1200 haec
1905 1135 2127 1200 omnia
2163 1157 2280 1200 na·
2309 1153 2364 1193 10

267 1229 550 1292 scuntur.
596 1223 721 1299 Qui
736 1225 908 1288 inter
925 1227 1030 1288 tot
1052 1244 1255 1288 annos
1283 1244 1365 1287 ne
1393 1222 1744 1307 appellarit
1771 1223 2030 1307 quidem
2050 1222 2285 1298 Quinc-

266 1314 457 1397 tium,
526 1335 671 1378 cum
739 1316 1034 1397 potestas
1094 1314 1267 1376 esset
1325 1310 1559 1411 agendi
1613 1311 1874 1394 cotidie,
1944 1334 2083 1396 qm,
2154 1334 2284 1396 quo

266 1406 558 1486 tempore
585 1401 870 1486 primum
897 1400 1121 1480 [male]
1142 1420 1335 1485 agere
1354 1399 1587 1483 coepit,
1612 1398 1683 1464 in
1698 1400 2083 1465 vadimoniis
2106 1401 2283 1465 diffe-

268 1489 481 1554 rendis
542 1493 798 1573 tempus
854 1509 1044 1553 omne
1099 1486 1597 1572 consumpserit,
1659 1487 1771 1571 qui
1824 1491 2054 1572 postea
2106 1487 2284 1552 vadi·

268 1577 557 1642 monium
603 1597 858 1668 quoque
902 1576 1174 1640 missum
1218 1575 1471 1657 fecerit,
1526 1574 1697 1640 hunc
1741 1596 1857 1660 per
1899 1575 2168 1640 insidias
2215 1576 2282 1640 vi
2312 1592 2363 1633 15

270 1666 347 1730 de
402 1686 564 1751 agro
619 1664 945 1730 communi
998 1663 1326 1747 deiecerit,
1389 1662 1526 1747 qui,
1589 1684 1736 1728 cum
1791 1663 1867 1728 de
1922 1684 1992 1728 re
2046 1663 2289 1750 agendi

265 1753 449 1818 nullo
487 1756 823 1819 recusante
858 1754 1153 1836 potestas
1188 1750 1437 1834 fuisset,
1477 1751 1891 1836 sponsionem
1929 1752 2008 1816 de
2042 1753 2283 1836 probro

265 1842 479 1907 facere
536 1840 867 1922 maluerit,
924 1840 1061 1923 qui,
1114 1860 1260 1904 cum
1314 1842 1651 1904 revocetur
1705 1838 1788 1904 ad
1840 1839 1907 1903 id
1957 1840 2284 1926 iudicium,

268 1931 436 1995 unde
472 1929 632 1996 haec
666 1932 826 1994 nata
861 1931 1014 1992 sunt
1055 1927 1292 2012 omnia,
1337 1926 1776 1992 condicionem
1822 1928 2303 2035 aequissimam

266 2019 589 2104 repudiet,
659 2018 947 2082 fateatur
1010 2037 1079 2081 se
1132 2038 1264 2081 non
1318 2016 1682 2101 pecuniam,
1756 2016 1869 2080 sed
1939 2017 2143 2081 vitam
2217 2011 2303 2082 et
2310 2031 2367 2073 ²0

269 2107 652 2192 sanguinem
705 2109 952 2190 petere,
1003 2105 1061 2168 is
1114 2125 1248 2169 non
1300 2103 1425 2169 hoc
1477 2105 1699 2205 palam
1744 2104 1927 2170 dicit.
1984 2104 2178 2169 ‘Mihi
2225 2105 2281 2170 si

270 2195 424 2278 quid
470 2195 837 2276 deberetur,
882 2195 1170 2275 peterem
1217 2195 1414 2276 atque
1460 2192 1620 2257 adeo
1663 2192 1799 2257 iam
1844 2193 2096 2277 pridem
2142 2194 2285 2258 abs-

163 2290 226 2339 4'1
267 2283 595 2363 tulissem3
638 2280 807 2344 nihil
842 2278 966 2344 hoc
1007 2282 1195 2344 tanto
1239 2280 1526 2365 negoti0,
1569 2280 1736 2345 nihil
1779 2284 1920 2345 tam
1964 2281 2285 2347 invidioso

269 2369 533 2452 iudici0,
584 2367 752 2432 nihil
805 2371 945 2432 tam
999 2368 1260 2454 copiosa
1312 2368 1737 2433 advocatione
1779 2373 2024 2453 uterer,
2080 2370 2137 2433 si
2180 2391 2287 2453 pe·

266 2456 535 2522 tendum
564 2459 763 2540 esset3
798 2456 1308 2540 extorquendum
1337 2461 1437 2521 est
1471 2456 1678 2521 invito
1718 2460 1912 2540 atque
1948 2458 2281 2544 ingratiis3
2309 2474 2363 2513 2⁵

271 2545 442 2629 quod
495 2566 628 2610 non
673 2544 888 2627 debet,
934 2544 1335 2629 eripiendum
1380 2548 1576 2628 atque
1622 2545 2106 2629 exprimendum
2155 2550 2285 2625 est;

272 2635 349 2698 de
384 2632 665 2699 fortunis
704 2633 1003 2697 omnibus
1039 2632 1110 2697 P.
1138 2632 1475 2708 Quinctius
1525 2632 1964 2698 deturbandus
2003 2638 2131 2718 est;
2175 2656 2286 2718 po-

270 2725 510 2806 tentes,
564 2721 819 2805 diserti,
871 2721 1124 2786 nobiles
1180 2743 1403 2786 omnes
1459 2720 1815 2786 advocandi
1872 2725 2063 2805 sunt3-
2105 2720 2287 2787 adhi-

270 2811 484 2876 benda
517 2810 617 2874 vis
656 2813 755 2874 est
790 2809 1070 2893 veritati,
1115 2809 1329 2873 minae
1364 2810 1705 2892 iactentur,
1750 2808 2040 2893 pericula
2080 2810 2287 2874 inten-

271 2899 525 2983 dantur,
567 2897 945 2963 formidines
984 2919 1022 2962 o
1024 2901 1415 2982 pp,onantur
1451 2899 1526 2961 ut
1559 2896 1665 2961 his
1704 2896 1899 2961 rebus
1937 2897 2284 2981 aliquando
2315 2913 2370 2953 30

268 2988 476 3053 victus
524 2991 589 3051 et
624 2985 1007 3071 perterritus
1052 2984 1193 3070 ipse
1239 3006 1311 3049 se
1355 2983 1611 3049 dedat’?
1696 2982 1875 3059 Quae
1922 2984 2286 3051 mehercule

271 3075 509 3159 omnia,
554 3096 718 3159 cum,
766 3073 877 3157 qui
918 3077 1145 3138 contra
1188 3077 1498 3158 pugnent,
1542 3072 1749 3155 video,
1795 3076 1861 3137 et
1906 3094 2053 3138 cum
2096 3074 2288 3138 illum

271 3184 644 3228 consessum
680 3161 1034 3243 considero,
1080 3159 1306 3225 adesse
1344 3164 1538 3243 atque
1574 3160 1943 3244 impendere
1983 3162 2288 3227 videntur

269 3272 478 3334 neque
530 3250 729 3315 vitari
781 3249 919 3313 ullo
974 3247 1167 3312 modo
1211 3269 1432 3332 posse3
1486 3269 1632 3313 cum
1677 3253 1896 3313 autem
1942 3249 2025 3314 ad
2068 3253 2164 3334 te,
2218 3248 2300 3315 C.-

272 3337 526 3421 Aquili,
572 3339 793 3403 oculos
832 3337 1247 3420 animumque
1288 3336 1543 3419 rettuli,
1591 3358 1717 3419 quo
1764 3337 2009 3402 maiore
2054 3342 2294 3403 conatu
2320 3354 2378 3394 3⁵

274 3425 617 3509 studioque
664 3428 974 3511 aguntur,
1026 3446 1101 3489 eo
1149 3424 1398 3490 leviora
1441 3424 1927 3510 infirmioraque
1974 3426 2292 3492 existimo.

273 3512 460 3578 Nihil
505 3513 710 3599 igitur
758 3513 1005 3596 debuit,
1050 3515 1124 3577 ut
1170 3516 1245 3577 tu
1288 3513 1429 3597 ipse
1475 3512 1826 3596 praedicas.
