2566 4016
214 1050 294 1114 17

209 2140 277 2190 43

314 232 472 296 444'
905 230 983 284 IN
1023 229 1081 284 C.
1119 229 1428 283 VERREM
1462 228 1621 284 ACT.
1659 229 1726 283 11.

317 379 524 441 soeret
576 379 644 440 et
701 374 897 459 paulo
955 377 1106 439 ante
1161 377 1333 438 esset
1388 372 1464 438 de
1508 373 1633 439 hoc
1678 371 2045 459 Tempsano
2090 372 2346 439 incom-

316 463 508 528 modo
562 463 966 545 nuntiatum,
1023 484 1166 527 cum
1219 461 1619 526 inveniretur
1669 482 1887 544 nemo,
1942 460 2055 545 qui
2096 461 2169 524 in
2217 462 2347 526 illa

316 553 461 618 loca
484 574 630 617 cum
656 551 930 635 imperio
957 551 1347 633 mitteretur,
1375 549 1759 631 dixissetque
1787 547 2348 633 quidamVerrem

317 662 458 705 esse
510 661 644 705 non
696 640 890 725 longe
944 661 985 703 a
1028 638 1337 722 Tempsa,
1394 659 1588 722 quam
1640 637 1830 702 valde
1883 637 2172 702 universi
2231 638 2347 702 ad-

316 726 881 809 murmuraverint,
918 748 1115 810 quam
1146 727 1369 810 palam
1403 725 1730 809 principes
1768 724 2048 789 dixerint
2083 729 2346 791 contra.
2374 753 2403 794 5

315 816 406 880 Et
432 817 536 880 his
563 819 667 880 tot
694 814 1069 879 criminibus
1098 814 1621 897 testimoniisque
1648 813 2026 879 convictus'
2007 834 2079 876 m
2107 833 2347 879 eorum

317 904 566 969 tabella
611 924 793 986 spem
840 902 966 966 sibi
1012 902 1300 986 aliquam
1345 901 1673 987 proponit,
1717 923 1994 985 quorum
2040 901 2349 967 omnium

316 992 538 1076 palam
582 1011 779 1055 causa
822 990 1157 1075 incognita
1198 1010 1357 1055 voce
1404 989 1748 1055 damnatus
1795 988 1939 1054 est?

448 1077 641 1162 Esto,
701 1078 869 1142 nihil
932 1100 1010 1142 ex
1071 1076 1499 1163 fugitivorum
1562 1077 1736 1142 bello
1798 1080 1912 1142 aut
1967 1077 2348 1162 suspicione

246 1127 474 1232 2belli
510 1166 720 1232 laudis
760 1167 1030 1250 adeptus
1070 1169 1188 1250 est,
1234 1165 1406 1249 quod
1441 1186 1648 1248 neque
1684 1166 1931 1230 bellum
1970 1165 2107 1230 eius
2154 1167 2350 1232 modi
2377 1194 2428 1234 ιο

314 1277 524 1339 neque
587 1254 747 1320 belli
808 1254 1166 1338 periculum
1220 1253 1351 1318 fuit
1403 1253 1473 1317 in
1527 1251 1748 1319 Sicilia
1800 1274 2007 1337 neque
2061 1254 2144 1318 ab
2203 1255 2348 1320 isto

316 1344 650 1428 provisum
703 1346 832 1425 est,
884 1364 966 1406 ne
1021 1342 1193 1426 quod
1239 1344 1439 1425 esset3
1494 1345 1565 1406 at
1609 1363 1763 1407 vero
1810 1345 2039 1406 contra
2080 1342 2349 1409 bellum

316 1431 714 1515 praedonum
750 1429 1027 1494 classem
1062 1429 1297 1494 habuit
1337 1432 1634 1494 ornatam
1680 1429 2224 1514 diligentiamque
2270 1432 2349 1497 ιιι

317 1540 392 1582 eo
445 1517 870 1602 singularem,
924 1517 1146 1600 itaque
1192 1518 1274 1581 ab
1320 1517 1452 1581 isto
1498 1518 1830 1602 praeclare
1876 1516 2142 1582 defensa
2187 1542 2348 1603 pro-

315 1605 529 1670 vincia
569 1607 687 1668 est.
767 1601 873 1670 Sic
918 1604 995 1668 de
1040 1604 1216 1668 bello
1261 1605 1682 1689 praedonum,
1729 1606 1821 1670 sic
1867 1605 1945 1670 de
1989 1605 2204 1670 classe
2246 1607 2420 1675 Si·1.·.

316 1692 590 1776 ciliensi,
644 1691 912 1776 iudices,
967 1692 1203 1775 dicam,
1257 1696 1334 1756 ut
1385 1693 1510 1757 hoc
1559 1694 1693 1758 iam
1740 1696 1891 1758 ante
1937 1694 2349 1779 confirmem,

315 1782 387 1845 in
419 1781 544 1846 hoc
578 1802 708 1845 uno
747 1801 980 1866 genere
1018 1781 1228 1845 omnis
1266 1781 1476 1845 inesse
1514 1780 1738 1865 culpas
1775 1781 1964 1845 istius
2009 1783 2346 1849 maximas

318 1870 649 1952 avaritiae,
693 1869 1078 1954 maiestatis,
1124 1868 1504 1950 dementiae,
1549 1868 1858 1952 libidinis,
1907 1870 2347 1936 crudelitatis,

316 1957 495 2023 Haec
540 1957 692 2023 dum
738 1956 1022 2022 breviter
1067 1978 1338 2043 expono,
1385 1977 1643 2041 quaeso,
1686 1961 1763 2022 ut
1807 1957 2052 2023 fecistis
2103 1958 2348 2046 adhuc,

317 2046 665 2132 diligenter
709 2045 1055 2111 adtendite.
2370 2075 2416 2117 ιο

449 2133 613 2199 Rem
640 2135 941 2199 navalem
974 2135 1257 2217 primum
1293 2133 1390 2197 ita
1426 2132 1568 2197 dico
1607 2155 1748 2198 esse
1785 2133 2349 2222 administratam,

314 2217 448 2287 non
483 2222 583 2286 uti
617 2222 951 2306 provincia
989 2221 1454 2305 defenderetur,
1501 2220 1614 2286 sed
1649 2223 1746 2285 uti
1792 2222 2023 2287 classis
2065 2227 2345 2291 nomine

313 2310 587 2395 pecunia
641 2313 1073 2392 quaereretur.
1164 2306 1583 2393 Superiorum
1635 2313 2012 2393 praetorum
2066 2333 2347 2379 consue—

315 2398 472 2462 tudo
509 2419 656 2461 cum
700 2395 860 2461 haec
902 2396 1153 2479 fuisset,
1197 2401 1273 2460 ut
1316 2418 1515 2462 naves
1562 2397 1938 2463 civitatibus
1984 2403 2346 2486 certusque

314 2505 620 2550 numerus
655 2487 1004 2549 nautarum
1050 2447 1461 2568 militumque
1503 2485 1959 2569 imperaretur,
2006 2489 2343 2555 maximae
2368 2515 2416 2556 ιε

316 2577 383 2637 et
449 2571 996 2655 locupletissimae
1060 2572 1313 2638 civitati
1374 2571 1801 2638 Mamertinae
1862 2574 2028 2638 nihil
2092 2575 2343 2643 horum

314 2659 739 2746 imperavisti.
819 2658 919 2724 Ob
969 2660 1138 2725 hanc
1181 2682 1322 2725 rem
1369 2661 1522 2744 quid
1566 2660 1691 2726 tibi
1735 2660 2111 2728 Mamertini
2157 2666 2342 2732 clam

314 2749 622 2834 pecuniae
651 2747 960 2832 dederint,
993 2752 1162 2833 post,
1199 2749 1255 2813 si
1282 2748 1625 2833 videbitur,
1662 2750 2054 2833 exipsorum
2084 2751 2342 2820 litteris

209 2842 280 2891 44
315 2838 722 2920 testibusque
777 2858 1173 2938 quaeremus,
1263 2835 1516 2901 Navem
1569 2859 1724 2902 vero
1770 2838 2076 2921 cybaeam
2124 2843 2344 2906 maxi·

316 2948 490 2992 mam
545 2925 830 2990 triremis
884 2926 1095 2990 instar
1150 2924 1680 3007 [pulcherrimam
1736 2930 1930 3010 atque
1985 2930 2342 2995 ornatissi-
2370 2956 2419 2998 οι

316 3037 489 3079 mam
527 3013 862 3097 cybaeam]
899 3013 1119 3098 palam
1157 3012 1564 3079 aedificatam
1601 3017 1866 3099 sumptu
1900 3014 2165 3099 publico
2216 3022 2344 3085 tuo

312 3103 573 3167 nomine
628 3102 885 3186 publice
942 3101 1181 3166 sciente
1236 3104 1382 3166 tota
1426 3098 1648 3166 Sicilia
1699 3123 1817 3188 per
1862 3104 2345 3189 magistratum

316 3195 738 3273 senatumque
774 3189 1233 3255 Mamertinum
1269 3189 1396 3254 tibi
1437 3189 1658 3255 datam
1705 3190 2141 3275 donatamque
2190 3215 2347 3261 esse

314 3279 473 3343 dico
564 3277 743 3342 Haec
787 3278 973 3343 navis
1020 3281 1256 3342 onusta
1302 3278 1543 3362 praeda
1587 3276 1936 3363 Siciliensi,
1988 3301 2137 3345 cum
2183 3282 2345 3366 ipsa

314 3387 567 3450 quoque
632 3370 805 3430 esset
868 3388 945 3430 ex
997 3365 1263 3450 praeda,
1328 3365 1522 3430 simul
1578 3388 1724 3431 cum
1777 3367 1920 3450 ipse
1975 3368 2345 3470 decederet,
2369 3396 2419 3438 τε

314 3454 587 3534 adpulsa
622 3452 881 3518 Veliam
938 3457 1038 3517 est
1094 3475 1239 3518 cum
1294 3454 1593 3538 plurimis
1649 3454 1841 3520 rebus
1889 3461 1955 3520 et
1998 3456 2110 3540 iis,
2165 3480 2343 3542 quas

311 3537 437 3599 iste
481 3538 761 3603 Romam
816 3541 1077 3605 mittere
1133 3563 1278 3606 cum
1333 3542 1562 3607 ceteris
1617 3542 1810 3608 furtis
1855 3543 2097 3628 noluit,
2155 3547 2345 3630 quod
