2566 4016
708 226 842 281 ΜΒ.
871 227 924 282 V
990 226 1147 283 CAP.
1190 233 1397 283 18—20
1434 233 1464 293 ς
1501 234 1726 283 47—51.
2092 225 2219 289 447

211 371 423 457 pretio
483 371 737 436 varium
800 370 901 434 ius
966 373 1032 435 et
1096 369 1420 454 disparem
1480 368 1917 435 condicionem
1975 369 2222 434 fuisse?

214 458 426 536 Quid?
500 458 556 522 si
620 459 755 523 eius
811 458 987 522 modi
1042 479 1183 522 esse
1237 457 1398 522 haec
1454 455 1578 521 duo
1633 455 1895 521 foedera
1949 457 2222 523 duorum
2260 470 2328 520 50

212 547 631 632 populorum,
682 544 953 628 iudiceS,
1009 545 1234 628 decen,
1289 549 1363 610 ut
1409 543 1972 609 Tauromenitanis
2022 546 2223 609 nomi-

211 635 420 700 natim
458 638 718 699 cautum
757 637 822 698 et
858 637 1196 719 exceptum
1234 633 1324 697 sit
1357 632 1632 716 foedere,
1676 653 1757 696 ne
1794 653 2026 697 navem
2072 632 2223 697 dare

160 741 187 782 5
215 723 518 805 debeant,
579 721 985 787 Mamertinis
1044 722 1115 786 in
1165 721 1311 806 ipso
1365 720 1622 788 foedere
1678 723 1975 785 sanctum
2029 723 2224 802 atque

213 810 686 896 praescriptum
742 809 857 893 sit,
914 814 989 874 ut
1041 831 1274 874 navem
1332 807 1483 873 dare
1536 829 1796 873 necesse
1852 807 1965 892 sit,
2024 807 2223 872 istum

214 902 428 964 autem
486 902 714 963 contra
761 897 988 963 foedus
1035 901 1101 962 et
1147 896 1711 979 Tauromenitanis
1756 897 2111 980 imperasse
2158 898 2224 959 et

212 985 619 1052 Mamertinis
672 985 1026 1068 remisisse,
1079 985 1394 1069 numquid
1449 984 1714 1049 dubium
1768 984 2013 1068 poterit
2064 1005 2224 1067 esse,

214 1075 370 1159 quin
413 1073 617 1138 Verre
681 1077 980 1157 praetore
1042 1074 1191 1158 plus
1249 1072 1658 1137 Mamertinis
1723 1073 1965 1155 cybaea
2027 1094 2224 1156 quam

129 1182 185 1222 ιο
214 1161 778 1226 Tauromenitanis
849 1161 1076 1225 foedus
1149 1161 1544 1245 opitulatum
1609 1159 1739 1224 sit?
1845 1159 2223 1225 Recitentur

210 1248 489 1313 foedera.
569 1248 708 1312 Isto
754 1247 959 1333 igitur
1001 1253 1138 1330 tuo,
1183 1268 1374 1331 quem
1422 1249 1504 1312 ad
1549 1246 1812 1313 modum
1855 1248 1996 1332 ipse
2041 1269 2221 1331 prae-
2241 1243 2328 1307 20

213 1337 416 1419 dicaS,
465 1335 805 1419 beneficio,
849 1339 924 1399 ut
968 1357 1072 1400 res
1117 1335 1388 1420 indicat,
1431 1336 1644 1421 pretio
1692 1338 1886 1419 atque
1933 1334 2222 1400 mercede

214 1424 508 1489 minuisti
544 1424 954 1488 maiestatem
991 1424 1086 1488 rei
1122 1424 1439 1509 publicae,
1485 1424 1781 1488 minuisti
1826 1423 2067 1488 auxilia
2110 1445 2221 1508 po-

211 1513 352 1597 puli
412 1512 719 1594 Romani,
791 1512 1083 1577 minuisti
1156 1512 1376 1596 copias
1450 1512 1770 1577 maiorum
1839 1511 2082 1577 virtute
2147 1533 2220 1576 ac

128 1619 185 1660 15
215 1600 533 1687 sapientia
575 1603 1013 1685 comparatas,
1059 1600 1385 1665 sustulisti
1430 1600 1530 1665 ius
1576 1599 1858 1684 imperii,
1905 1598 2220 1664 condicio-

208 1711 359 1754 nem
415 1689 763 1773 sociorum,
827 1689 1209 1754 memoriam
1260 1688 1558 1753 foederis.
1653 1687 1777 1762 Qui
1832 1709 1910 1751 ex
1963 1685 2220 1751 foedere

210 1777 354 1860 ipso
398 1798 629 1841 navem
677 1777 781 1841 vel
826 1799 1031 1861 usque
1077 1777 1158 1841 ad
1199 1775 1555 1857 Oceanum,
1602 1775 1660 1838 si
1703 1775 2222 1858 imperassemus,

213 1866 477 1947 sumptu
513 1863 927 1947 periculoque
965 1885 1080 1928 suo
1120 1867 1439 1928 armatam
1488 1865 1683 1945 atque
1730 1864 2028 1925 ornatam
2075 1861 2220 1924 mit-

212 1956 349 2016 tere
386 1950 761 2033 debuerunt,
806 1950 864 2015 ei
900 1971 981 2015 ne
1017 1950 1087 2015 in
1121 1949 1292 2015 freto
1331 1952 1482 2015 ante
1521 1969 1638 2014 sua
1673 1952 1848 2014 tecta
1887 1951 1953 2013 et
1994 1947 2218 2015 domos

125 2058 185 2100 20
211 2040 627 2124 navigarent,
695 2059 778 2101 ne
844 2059 962 2102 sua
1034 2038 1289 2102 moenia
1360 2041 1716 2122 portusque
1788 2036 2219 2121 defenderent,

211 2127 421 2212 pretio
461 2127 579 2191 abs
616 2129 683 2189 te
718 2125 820 2189 ius
859 2125 1139 2190 foederis
1185 2128 1251 2190 et
1296 2125 1555 2210 imperii
1600 2124 2037 2190 condicionem
2082 2124 2219 2189 red-

213 2218 524 2279 emerunt.
612 2211 780 2287 Quid
835 2213 1108 2278 censetis
1162 2213 1232 2277 in
1283 2213 1409 2279 hoc
1462 2213 1719 2278 foedere
1770 2212 2067 2277 faciendo
2113 2234 2219 2278 vo·
2257 2226 2321 2275 51

213 2302 412 2366 luisse
448 2300 874 2367 Mamertinos
911 2301 1256 2385 inpendere
1295 2300 1558 2385 laboriS,
1596 2322 1848 2385 operae,
1893 2301 2219 2385 pecuniae,

210 2411 291 2453 ne
322 2390 483 2454 haec
519 2389 784 2453 biremis
823 2388 1312 2474 adscriberetur,
1353 2390 1408 2453 si
1444 2389 1513 2453 id
1547 2390 1685 2454 ullo
1723 2388 1913 2454 modo
1950 2392 2220 2473 possent

124 2495 186 2538 85
214 2499 253 2542 a
287 2477 532 2543 nostris
569 2477 924 2542 maioribus
960 2477 1356 2562 impetrare?
1427 2477 1600 2544 Nam
1636 2500 1781 2543 cum
1817 2478 1941 2543 hoc
1986 2499 2218 2543 munus

209 2566 642 2652 inponebatur
713 2570 851 2631 tam
925 2587 1123 2652 grave
1187 2566 1466 2651 civitati,
1537 2567 1749 2631 inerat
1808 2566 2025 2632 nescio
2091 2587 2218 2650 quo

209 2655 400 2719 modo
456 2655 525 2718 in
579 2654 697 2719 illo
751 2653 1007 2720 foedere
1064 2653 1394 2720 societatis
1452 2654 1638 2739 quasi
1693 2653 2008 2738 quaedam
2060 2657 2219 2717 nota

212 2741 561 2805 servitutis.
644 2741 829 2817 Quod
881 2747 1024 2807 tum
1077 2743 1443 2807 recentibus
1501 2743 1632 2806 suis
1684 2741 1913 2806 officiis
1957 2741 2220 2825 integra

210 2849 280 2891 re
342 2828 541 2894 nullis
605 2829 833 2912 populi
885 2828 1162 2894 Romani
1219 2829 1713 2894 difficultatibus
1770 2851 1809 2893 a
1862 2827 2218 2892 maioribus

118 2934 183 2978 ao
209 2915 454 2980 nostris
497 2914 754 2980 foedere
801 2915 1069 2999 adsequi
1111 2937 1244 2980 non
1288 2918 1666 3002 potuerunt,
1711 2915 1778 2979 id
1822 2937 1991 2981 nunc
2035 2915 2216 2979 nullo

211 3005 434 3085 [novo]
492 3002 705 3068 officio
763 3024 878 3068 suo
933 3007 1037 3068 tot
1092 3003 1277 3068 annis
1327 3007 1480 3087 post
1524 3004 1662 3067 iure
1706 3002 1964 3088 imperii
2007 3003 2219 3068 nostri

208 3090 560 3175 quotannis
615 3095 998 3175 usurpatum
1053 3113 1128 3156 ac
1183 3112 1437 3175 semper
1480 3093 1805 3156 retentum
1854 3111 2106 3155 summa
2148 3091 2218 3156 in

207 3179 592 3246 difficultate
628 3179 892 3245 navium
930 3202 969 3244 a
1006 3177 1072 3245 G.
1102 3179 1307 3244 Verre
1344 3179 1555 3264 pretio
1594 3178 1881 3244 adsecuti
1927 3181 2096 3262 sunt,
2142 3200 2217 3244 ac

204 3290 339 3333 non
391 3268 517 3334 hoc
572 3268 781 3343 solum
838 3266 1150 3351 adsecuti,
1212 3288 1295 3332 ne
1347 3289 1579 3333 navem
1636 3267 1889 3351 darent3
1951 3288 2215 3351 ecquem

114 3372 177 3417 ³5
204 3359 499 3439 nautam,
566 3378 828 3441 ecquem
894 3356 1196 3441 militem,
1253 3356 1370 3440 qui
1431 3359 1545 3421 aut
1596 3356 1667 3420 in
1720 3356 1925 3421 classe
1981 3358 2094 3419 aut
2147 3354 2219 3419 in

202 3444 560 3597 praesidi&
575 3448 775 3530 esset,
829 3448 896 3509 te
940 3448 1240 3530 praetore
1287 3466 1405 3530 per
1448 3444 1799 3510 triennium
1842 3441 2214 3509 Mamertini

250 3553 283 3596 e
330 3554 486 3597 erun
