2566 4016
314 218 441 283 122
797 216 877 270 IN
914 215 971 270 C.
1003 213 1314 269 VERREM
1351 212 1568 268 ACTIO
1609 213 1855 267 PRIMA.

451 359 596 413 Toto
648 357 824 428 igitur
875 359 984 412 hoc
1038 356 1183 411 libro
1232 355 1553 411 exhortatio
1597 354 1846 410 iudicum
1888 353 2212 410 conti-netur
2257 357 2341 410 ad

309 447 439 484 vere
467 428 843 496 iudicandum,
884 427 1069 482 minae
1098 427 1156 482 in
1186 426 1537 481 adversarios
1566 426 1885 495 diriguntur
1920 425 2111 480 omnia
2143 428 2336 495 temp-

261 502 272 513 ’
308 505 496 556 tantes
542 500 614 554 ad
659 498 1123 568 corrumpendum
1168 497 1463 565 iudicium,
1520 498 1578 550 et
1623 495 1997 566 expositiones
2043 493 2336 552 Ciceronis

309 571 530 626 consilii
556 570 644 624 sui
669 569 944 624 iudicibus
976 568 1325 635 exhibentur,
1361 573 1400 635 †
1425 584 1564 635 quas
1590 566 1902 621 intractans
1939 567 2334 637 communiter,

308 643 665 709 brevitasque
700 640 1119 694 obiciendorum
1157 639 1451 693 criminum
1487 637 1634 691 mira
1668 640 1788 692 arte
1823 636 2131 691 conficitur.

453 712 671 766 Status:
698 710 982 777 Quantum
1008 709 1345 767 adaecrtmina
1370 725 1575 767 causae
1600 708 2036 777 repetundarum
2061 708 2330 777 pertinet,

310 782 635 838 coniectura
654 781 944 862 multiplex
962 781 1111 835 inest
1136 779 1396 835 omnibus
1422 779 1599 845 libris,
1626 782 1897 847 quantum
1925 779 1998 832 ad
2025 779 2334 851 specialem

308 852 676 907 intentionem
703 850 834 904 libn
859 850 1026 904 huius
1052 851 1307 917 refertur,
1344 849 1588 917 qualitas
1623 849 1922 925 negotialis
1960 851 2119 903 extra
2157 850 2331 919 scrip-

306 928 433 978 tum
482 923 543 976 in
593 920 873 991 particula
916 918 1052 974 iuris
1098 923 1185 974 est
1228 919 1559 986 constituta,
1615 919 1896 974 inducitur
1940 919 2087 973 enim
2133 923 2330 989 postu-

308 993 450 1047 latio
486 993 556 1046 de
593 991 800 1062 agendi
834 1006 982 1045 novo
1018 1006 1249 1061 genere,
1288 989 1561 1057 siquidem
1599 990 1745 1059 petit
1779 990 2033 1060 permitti
2069 989 2179 1044 sibi
2215 1007 2333 1045 non

308 1066 396 1119 uti
440 1062 692 1118 oratione
736 1063 1033 1131 perpetua,
1091 1062 1190 1115 sed
1231 1060 1479 1115 breviter
1523 1059 1758 1114 crimina
1799 1075 2110 1130 proponere
2155 1064 2216 1116 et
2255 1062 2332 1115 ad

311 1134 538 1205 singula
574 1136 746 1188 testes
783 1133 932 1186 dare.
2378 1192 2380 1194 v

453 1205 595 1259 Sunt
649 1205 837 1258 autem
892 1203 1081 1272 capita
1126 1201 1397 1257 orationis
1442 1202 1608 1255 haec:
1665 1217 1740 1254 an
1783 1201 1915 1255 talis
1961 1217 2113 1269 reus,
2169 1203 2329 1257 cuius

310 1275 599 1331 damnatio
627 1273 807 1344 prosit
833 1273 916 1327 rei
942 1273 1219 1343 publicae,
1258 1289 1332 1326 an
1368 1271 1511 1327 talia
1547 1270 1665 1325 eiu's
1703 1272 1940 1325 consilia
1974 1272 2047 1325 ad
2082 1288 2328 1326 corrum-

307 1347 555 1416 pendum
584 1345 869 1410 iudicium,
907 1361 981 1397 an
1006 1343 1148 1398 talia
1176 1345 1235 1398 et
1259 1346 1378 1397 tam
1414 1341 1718 1396 manifesta
1754 1340 1991 1395 crimina
2026 1343 2100 1396 ad
2177 1345 2328 1398 atro-

310 1416 521 1470 cinium
556 1414 984 1484 desperandum,
1021 1430 1095 1468 an
1119 1413 1288 1468 huius
1314 1412 1469 1468 modi
1497 1412 1569 1467 ab
1598 1428 1665 1466 eo
1693 1414 1754 1467 et
1788 1413 1860 1466 ab
1898 1412 2018 1466 eius
2055 1430 2119 1467 su
2191 1430 2327 1484 aga·

309 1485 527 1540 toribus
564 1487 623 1565 et
657 1483 812 1538 dicta
846 1485 905 1538 et
939 1483 1092 1537 facta
1127 1483 1202 1537 ad
1237 1483 1571 1537 eludendam
1607 1482 2041 1563 accusationem,
2080 1485 2143 1537 ut
2177 1501 2327 1539 novo

307 1571 522 1680 {2300}ss
557 1553 1270 1705 issiffifflffitrfflssh
1279 1569 2327 1704 ssugssffiit'issrffissnsiffluiffiffi

310 1694 590 1750 iudicibus
635 1694 969 1750 deliberatio
1014 1694 1239 1748 videtur
1281 1693 1538 1761 mdueta;
1590 1711 1649 1747 in
1693 1711 1805 1762 qua
1850 1695 2165 1750 ostenditur
2209 1713 2323 1750 cer-

310 1767 542 1822 tandum
585 1783 709 1820 cum
750 1764 1051 1819 Hortensio
1088 1764 1325 1833 astutia,
1370 1780 1485 1818 non
1520 1765 1728 1819 utendo
1763 1764 1918 1819 horis
1956 1766 2213 1820 omnibus
2250 1767 2326 1820 ad

311 1837 634 1903 dicendum3
670 1835 996 1903 tollendam,
1034 1835 1084 1890 si
1111 1835 1235 1890 fieri
1259 1834 1489 1905 poterit,
1526 1834 2188 1905 comperendinationem,
2224 1854 2326 1907 per

310 1909 484 1963 testes
530 1906 767 1962 crimina
809 1905 1239 1976 comprobanda.
1319 1905 1482 1960 Facit
1526 1906 1633 1959 hoc
1681 1904 1898 1974 Cicero,
1945 1910 2010 1961 ut
2052 1909 2192 1962 haec
2239 1924 2326 1962 res

261 1993 271 2012 =‘
310 1995 423 2034 non
469 1978 650 2034 solum
696 1976 1028 2048 compendio
1073 1992 1290 2032 moram
1338 1994 1404 2032 ac
1446 1975 1787 2031 brevitatem
1828 1976 2097 2047 temporis
2138 1978 2327 2047 tollat,

312 2051 412 2104 sed
443 2049 615 2105 etiam
652 2050 806 2105 circa
839 2048 1140 2104 artificium
1176 2048 1401 2103 dicendi
1436 2046 1682 2102 breviter
1716 2046 1891 2102 etiam
1925 2048 1984 2102 in
2017 2048 2124 2102 hac
2157 2052 2326 2117 parte

312 2120 430 2175 vim
468 2120 709 2175 oratoris
748 2120 1023 2173 ostendat.

239 2270 275 2393 ξ
445 2296 632 2371 Quod
696 2300 837 2359 erat
900 2294 1257 2379 optandum
1320 2295 1627 2379 maxime,
1694 2297 1962 2382 iudiceS,
2025 2301 2091 2362 et
2153 2298 2325 2382 quod

312 2404 512 2447 unum
576 2382 658 2446 ad
719 2382 1029 2447 invidiam
1095 2382 1297 2446 vestri
1355 2383 1599 2448 ordinis
1652 2384 2114 2470 infamiamque
2165 2386 2325 2451 iudi-

314 2470 560 2535 ciorum
602 2470 953 2540 sedandam
989 2470 1267 2535 maxime
1312 2472 1707 2556 pertinebat,
1752 2472 1820 2536 id
1863 2495 1996 2538 non
2039 2474 2321 2539 humano

314 2557 603 2641 consilio,
632 2557 746 2622 sed
772 2580 971 2643 prope
999 2558 1310 2623 divinitus
1339 2560 1562 2624 datum
1591 2564 1787 2644 atque
1815 2562 2110 2626 oblatum
2138 2562 2322 2627 vobis

313 2668 568 2711 summo
597 2646 693 2710 rei
719 2646 1018 2730 publicae
1051 2650 1347 2730 tempore
1383 2647 1654 2712 videtur.
1720 2647 2115 2715 Inveteravit
2153 2650 2322 2715 enim
2347 2664 2370 2705 ⁵

313 2736 446 2800 iam
475 2735 694 2818 opinio
732 2734 1095 2817 perniciosa
1131 2735 1226 2799 rei
1260 2732 1560 2818 publicae
1596 2736 1909 2820 vobisque
1944 2738 2323 2821 periculosa,

317 2845 482 2908 quae
508 2844 640 2888 non
668 2823 861 2888 modo
887 2825 1060 2905 apud
1072 2824 1376 2905 populum
1400 2822 1774 2906 Romanum,
1808 2827 1914 2891 sed
1937 2828 2125 2891 etiam
2155 2826 2322 2909 apud

312 2915 567 2976 exteras
638 2911 935 2976 nationes
1011 2912 1300 2976 omnium
1364 2932 1660 2977 sermone
1721 2914 2150 2997 percrebruit,
2220 2913 2321 2977 his

310 2999 581 3084 iudiciis,
628 3021 792 3084 quae
826 3021 996 3064 nunc
1035 3003 1204 3083 sunt,
1249 3000 1668 3084 pecuniosum
1711 3000 2060 3086 hominem,
2107 3024 2322 3085 quam·

241 3100 273 3147 2
314 3088 409 3152 vis
450 3088 537 3152 sit
571 3109 828 3170 nocens,
870 3087 1196 3152 neminem
1232 3109 1425 3171 posse
1463 3087 1776 3153 damnari.
1847 3088 2038 3155 Nunc
2072 3090 2141 3153 in
2180 3090 2325 3173 ipso
2348 3104 2399 3159 12

313 3176 682 3240 discrimine
735 3175 981 3241 ordinis
1035 3174 1545 3258 iudiciorumque
1590 3181 1957 3241 vestrorum
2002 3200 2149 3244 cum
2195 3177 2324 3241 sint

312 3264 552 3346 parati,
609 3263 720 3347 qui
773 3262 1183 3328 contionibus
1238 3268 1305 3326 et
1356 3262 1611 3348 legibus
1656 3264 1825 3329 hanc
1867 3265 2182 3330 invidiam
2228 3287 2322 3329 se-

311 3352 507 3412 natus
542 3349 945 3415 inflammare
984 3355 1314 3435 conentur,
1358 3371 1505 3414 reus
1543 3351 1612 3415 in
1656 3352 1965 3418 iudicium
2012 3352 2322 3419 adductus

312 3438 415 3497 est
460 3432 531 3499 O.
565 3434 832 3521 Verres,
889 3438 1088 3503 homo
1152 3438 1289 3503 vita
1349 3440 1547 3521 atque
1599 3438 1791 3505 factis
1848 3441 2137 3507 omnium
2194 3441 2321 3507 iam

312 3520 615 3603 opinione
661 3523 1033 3606 damnatus,
1087 3525 1396 3609 pecuniae
1441 3526 1888 3611 magnitudine
1934 3550 2054 3594 sua
2099 3550 2214 3612 spe
2260 3534 2323 3593 et
2353 3545 2399 3586 ιδ
