2566 4016
707 225 840 280 LIB.
870 225 921 279 V
986 224 1142 281 CAP.
1181 230 1391 281 53—-55
1429 231 1461 291 ἓ
1503 231 1796 281 138-143.
2129 225 2259 291 481

247 392 474 436 causas
525 369 872 454 requiram.
952 368 1235 435 Locutus
1283 372 1425 433 erat
1470 368 1737 432 liberius
1784 369 1861 435 de
1903 370 2094 435 istius
2140 370 2261 436 im-

246 458 576 544 probitate
642 462 839 543 atque
896 457 1207 540 nequitia.
1298 454 1483 532 Quod
1536 456 1651 521 isti
1705 456 1976 522 simulac
2028 479 2261 524 renun-

246 548 483 612 tiatum
548 549 679 630 est,
740 545 1071 611 hominem
1135 544 1318 609 iubet
1380 544 1764 628 Lilybaeum
1822 539 2262 611 vadimonium

247 635 527 699 Venerio
568 655 755 699 servo
791 633 1192 719 promittere.
1263 631 1629 716 Promittit3
1672 632 2056 716 Lilybaeum
2093 634 2262 698 veni·

193 739 219 781 5
246 727 372 787 tur.
466 720 714 807 Cogere
779 743 925 786 eum
988 721 1229 806 coepit,
1295 743 1441 786 cum
1505 724 1729 806 ageret
1791 743 2008 804 nem0‚
2070 742 2260 787 nemo

246 811 632 896 postularet,
670 809 1085 893 sponsionem
1121 809 1169 892 †
1204 808 1460 874 milium
1494 830 1831 874 nummum
1862 809 2078 875 facere
2115 831 2262 874 cum

246 899 476 964 lictore
506 919 641 980 suo,
676 896 770 963 Νι
797 915 1048 964 rmvms
1082 914 1454 974 QUAEs'rtm
1489 913 1827 963 monam.
1898 897 2262 981 Recupera-

244 991 421 1052 tores
480 1008 549 1051 se
604 986 682 1050 de
738 986 1003 1051 cohorte
1058 1006 1177 1050 sua
1229 985 1487 1051 dicebat
1535 985 1858 1053 daturum.
1947 982 2260 1051 Servilius

247 1078 313 1138 et
375 1094 674 1139 recusare
737 1078 804 1138 et
853 1073 1214 1158 deprecari,
1273 1095 1359 1138 ne
1412 1073 1652 1156 iniquis
1704 1073 2023 1138 iudicibus
2077 1074 2258 1139 nullo

164 1179 220 1220 ιο
248 1161 617 1226 adversario
646 1161 950 1226 iudicium
980 1160 1215 1244 capitis
1251 1161 1322 1224 in
1358 1181 1427 1226 se
1463 1162 1985 1241 constitueretur,
2045 1160 2225 1226 Haec
2265 1177 2367 1228 142

248 1270 395 1314 cum
437 1248 737 1313 ,maxime
801 1250 1203 1332 loqueretur,
1272 1269 1385 1313 sex
1447 1249 1711 1315 lictores
1776 1249 2261 1315 circumsistunt

247 1336 679 1402 valentissimi
715 1342 782 1401 et
828 1336 910 1400 ad
954 1336 1311 1420 pulsandos
1338 1336 1916 1422 verberandosque
1962 1337 2259 1402 homines

248 1425 787 1508 exercitatissimi,
820 1425 1095 1490 caedunt
1121 1446 1453 1490 acerrume
1479 1425 1711 1512 virgis3
1751 1426 2022 1510 denique
2049 1425 2261 1510 proxi-

247 1535 391 1578 mus
429 1514 647 1595 lictor,
694 1513 771 1577 de
817 1533 945 1596 quo
989 1512 1122 1578 iam
1170 1530 1363 1598 saepe
1410 1512 1567 1597 dixi,
1613 1512 1899 1597 Sextius,
1945 1533 2258 1580 converso

162 1619 219 1661 15
246 1601 485 1666 bacillo
545 1601 764 1666 oculos
821 1601 1056 1667 misero
1102 1601 1373 1666 tundere
1416 1602 1982 1668 vehementissime
2028 1601 2260 1687 coepit.

245 1689 477 1774 Itaque
544 1690 685 1773 ille,
758 1711 905 1754 cum
968 1690 1235 1775 sanguis
1299 1711 1372 1754 os
1438 1690 1786 1773 oculosque
1849 1691 2259 1774 complesset,

246 1777 552 1859 concidit,
616 1799 762 1842 cum
822 1777 927 1842 illi
985 1778 1194 1842 nihilo
1258 1777 1471 1840 minus
1533 1777 1777 1842 iacenti
1839 1777 2051 1841 latera
2110 1780 2260 1840 tun-

246 1864 497 1946 derent,
560 1868 635 1929 ut
697 1864 1047 1948 aliquando
1110 1864 1427 1948 spondere
1491 1885 1560 1929 se
1621 1864 1880 1929 diceret.
1981 1862 2088 1929 Sic
2144 1864 2259 1928 ille

248 1951 526 2018 affectus
604 1951 772 2016 illim
849 1955 991 2016 tum
1066 1972 1187 2037 pro
1262 1955 1519 2025 mortuo
1595 1953 1891 2017 sublatus
1958 1951 2260 2037 perbrevi

158 2059 221 2102 20
246 2045 477 2126 postea
531 2043 634 2105 est
687 2043 995 2105 mortuos.
1084 2039 1219 2104 Iste
1276 2045 1494 2106 autem
1545 2039 1741 2106 homo
1780 2040 2098 2106 Venerius
2152 2041 2259 2109 ad-

246 2130 453 2194 fluens
518 2128 697 2193 omni
758 2128 979 2211 lepore
1044 2150 1119 2193 ac
1182 2131 1525 2193 venustate
1584 2129 1661 2194 de
1715 2128 1904 2193 bonis
1957 2128 2138 2194 illius
2193 2129 2262 2193 in

249 2217 405 2282 aede
432 2214 705 2281 Veneris
745 2219 1123 2301 argenteum
1160 2214 1546 2300 Cupidinem
1590 2216 1830 2301 posuit.-
1909 2214 2016 2281 Sic
2061 2216 2260 2282 etiam

245 2304 527 2370 fortunis
578 2304 915 2369 hominum
963 2304 1356 2369 abutebatur
1402 2305 1485 2370 ad
1527 2308 1847 2370 nocturna
1889 2308 2045 2371 vota
2089 2305 2261 2391 cupi-

249 2392 529 2458 ditatum
576 2414 856 2458 suarum.
2277 2445 2366 2509 55

155 2496 219 2540 2⁵
377 2480 550 2546 Nam
587 2480 741 2564 quid
778 2500 899 2565 ego
940 2479 1017 2545 de
1053 2480 1285 2547 ceteris
1322 2480 1560 2548 civium
1593 2480 2040 2548 Romanorum
2078 2502 2224 2565 sup·
2263 2522 2367 2571 143

245 2568 460 2653 pliciis
518 2569 908 2656 singillatim
961 2570 1182 2654 potius
1231 2591 1426 2654 quam
1473 2570 1834 2656 generatim
1880 2574 2076 2653 atque
2121 2569 2260 2634 uni-

244 2678 430 2721 verse
492 2658 770 2741 loquar?
867 2655 1102 2723 Oarcer
1162 2658 1278 2722 1110
1288 2708 1306 2741 ,
1370 2657 1483 2741 qui
1544 2661 1646 2723 est
1710 2680 1749 2722 a
1810 2656 2258 2723 crudelissimo

246 2745 527 2825 tyranno
592 2744 905 2828 Dionysio
969 2744 1180 2810 factus
1245 2743 1608 2828 Syracusis,
1677 2765 1841 2828 quae
1903 2744 2260 2809 lautumiae

245 2832 581 2912 vocantur,
625 2830 695 2893 in
739 2831 929 2895 istius
973 2832 1248 2915 imperio
1297 2832 1696 2897 domicilium
1742 2830 1979 2896 civium
2023 2831 2260 2896 Roma-

154 2934 221 2979 30
245 2938 482 2981 norum
542 2917 687 2982 fuit.
785 2916 880 2982 Ut
945 2918 1215 3001 quisque
1277 2919 1468 2983 istius
1526 2918 1813 2984 animum
1869 2923 1982 2985 aut
2037 2920 2259 2985 oculos

246 3004 632 3088 offenderat,
699 3004 767 3068 in
830 3005 1183 3070 lautumias
1248 3006 1477 3070 statim
1540 3006 1997 3074 coniciebatur.
2089 3006 2260 3072 Indi-

245 3113 449 3179 gnum
502 3093 627 3158 hoc
681 3092 870 3159 video
924 3093 1130 3159 videri
1186 3094 1514 3178 omnibus,
1566 3094 1835 3179 iudices,
1888 3099 1954 3160 et
2007 3095 2074 3158 id
2126 3095 2260 3160 iam

240 3181 463 3267 priore
528 3181 810 3265 actione,
873 3204 1021 3247 cum
1082 3181 1244 3248 haec
1307 3185 1508 3248 testes
1575 3182 1886 3267 dicerent,
1948 3183 2260 3249 intellexi.

239 3268 540 3335 Retineri
614 3269 782 3334 enim
850 3270 1101 3354 putatis
1167 3275 1468 3356 oportere
1531 3271 1675 3336 iura
1737 3271 2065 3338 libertatis
2127 3293 2261 3337 non

141 3374 211 3420 35
241 3358 435 3424 modo
491 3358 625 3441 1110,
680 3356 795 3422 ubi
847 3358 1095 3423 tribuni
1147 3359 1360 3443 plebis
1416 3363 1593 3444 sunt,
1647 3359 1762 3425 ubi
1811 3360 2009 3425 ceteri
2052 3360 2260 3445 magi-

237 3450 517 3530 stratus,
582 3445 697 3511 ubi
758 3446 973 3511 forum
1035 3447 1302 3531 plenum
1354 3447 1764 3532 iudiciorum,
1827 3448 1942 3513 ubi
1996 3453 2259 3513 senatus

237 3535 618 3619 auctoritas,
655 3534 770 3600 ubi
797 3534 1195 3601 existimatio
1223 3536 1451 3622 populi
1476 3536 1758 3603 Romani
1784 3540 1852 3601 et
1878 3536 2262 3622 frequentia,

343 3644 451 3688 010.
477 3648 543 3688 11.
571 3650 609 3689 1.
1759 3645 1828 3696 31
