2566 4016
298 201 430 266 232
902 200 981 254 IN
1020 200 1078 256 C.
1106 199 1415 262 VERREM
1450 199 1607 255 ACT.
1645 199 1713 253 II.

296 367 429 411 nox
483 346 965 429 intercesserat,
1019 367 1165 410 cum
1209 344 1337 408 iste
1382 342 1786 410 Dorotheum
1832 342 1926 409 sic
1972 342 2306 427 diligebat,

297 437 374 498 ut
410 433 651 506 diceres
690 433 909 498 omm'a
942 433 1113 497 inter
1151 453 1260 496 eos
1299 452 1440 496 esse
1476 430 1858 514 communia,
1900 430 2305 515 Agathinum

299 521 395 585 ita
433 521 823 586 observabat
858 524 933 586 ut
969 520 1251 604 aliquem
1290 519 1566 584 adfinem
1605 522 1798 602 atque
1842 518 2306 603 propinquum3

300 612 709 674 contemnere
738 608 936 673 etiam
965 608 1223 694 signum
1251 607 1417 672 illud
1442 605 1747 671 Himerae
1779 606 1912 670 iam
1950 606 2305 689 videbatur,

300 696 472 781 quod
509 719 655 761 eum
701 697 910 761 multo
957 696 1167 782 magis
1213 695 1427 780 figura
1471 698 1538 758 et
1582 694 1963 759 liniamenta
2005 693 2304 778 hospitae
2330 711 2358 752 5

189 757 276 882 ἓξ
300 784 728 851 delectabant.
825 781 1056 867 Itaque
1113 782 1367 847 hortari
1420 781 1715 846 homines
1771 781 2013 866 coepit,
2064 785 2139 846 ut
2194 782 2306 846 ali.

185 2199 253 2248 91

179 3380 268 3504 ἓξ
290 3410 547 3474 vitaret.
619 3412 754 3476 Iste
783 3412 978 3479 homo
1008 3419 1222 3480 certus
1260 3417 1326 3479 et
1364 3414 1640 3500 diligens
1679 3414 1759 3479 ad
1795 3414 2026 3480 horam
2061 3436 2306 3481 nonam

300 872 454 955 quid
482 869 750 936 Sthenio
778 871 1050 955 periculi
1078 873 1374 936 crearent
1403 869 1818 954 criminisque
1845 869 2304 954 confingerent.

297 958 621 1024 Dicebant
682 980 751 1023 se
808 958 911 1022 illi
963 958 1127 1023 nihil
1182 957 1451 1041 habere,
1515 957 1687 1041 quod
1742 957 2043 1022 dicerent.
2142 956 2307 1021 Tum

298 1047 422 1110 iste
455 1046 536 1110 iis
565 1051 788 1131 aperte
817 1046 1100 1111 ostendit
1137 1049 1205 1110 et
1239 1045 1648 1110 confirmavit
1684 1066 1816 1129 eOS,
1849 1044 1920 1108 in
1946 1041 2305 1127 Sthenium,

300 1134 601 1218 quicquid
650 1135 921 1218 vellent,
976 1133 1169 1199 simul
1215 1137 1411 1217 atque
1457 1131 1540 1198 ad
1584 1154 1653 1197 se
1699 1133 2108 1215 detulissent,
2161 1154 2305 1216 pro·
2332 1150 2390 1190 ιο

297 1222 586 1288 baturos
656 1220 887 1306 Itaque
922 1222 1022 1286 illi
1057 1243 1190 1287 non
1232 1220 1735 1306 procrastinant,
1782 1218 2125 1287 Sthenium
2172 1223 2304 1286 sta-

296 1309 416 1374 tim
475 1310 778 1393 educunt,
833 1309 1015 1374 aiunt
1069 1310 1152 1374 ab
1208 1330 1283 1374 eo
1338 1309 1593 1374 litteras
1645 1307 1939 1393 publicas
1985 1328 2126 1373 esse
2172 1329 2307 1374 cor-

296 1400 543 1480 ruptas.
634 1396 940 1462 Sthenius
993 1397 1313 1481 postulat,
1366 1400 1467 1478 ut,
1522 1418 1668 1461 cum
1723 1417 1939 1461 secum
1990 1395 2089 1460 sui
2136 1394 2306 1461 cives

297 1488 500 1567 agant
537 1484 613 1548 de
649 1484 891 1548 litteris
926 1484 1205 1566 publicis
1242 1483 1567 1567 corruptis
1606 1484 1868 1567 eiusque
1909 1483 2005 1547 rei
2050 1483 2305 1568 legibus

297 1570 864 1635 Thermitanorum
921 1571 1090 1636 actio
1147 1570 1234 1635 sit
1288 1574 1678 1655 senatusque
1735 1575 1801 1635 et
1855 1571 2134 1656 populus
2180 1570 2305 1636 Ro·
2335 1587 2392 1629 15

296 1680 527 1723 manus
574 1658 1041 1743 ThermitaniS,
1094 1658 1264 1743 quod
1311 1679 1565 1742 semper
1607 1659 1679 1723 in
1723 1659 2010 1724 amicitia
2053 1659 2305 1742 fideque

294 1746 712 1832 mansissent,
773 1748 1027 1830 urbem,
1091 1767 1287 1832 agros
1351 1747 1657 1832 legesque
1713 1768 1863 1811 suas
1919 1746 2308 1812 reddidisset

293 1833 691 1918 Publiusque
752 1835 1052 1918 Rupilius
1115 1838 1346 1919 postea
1399 1834 1579 1919 leges
1633 1834 1730 1899 ita
1786 1833 2020 1899 Siculis
2077 1856 2155 1898 ex
2210 1854 2306 1900 se·

292 1926 487 1986 natus
533 1923 830 1988 consulto
877 1923 955 1987 de
995 1941 1043 1987 x
1088 1922 1457 2008 legatorum
1505 1923 1827 1987 sententia
1875 1922 2184 2005 dedisset,
2229 1925 2306 1986 ut

295 2011 465 2075 cives
538 2012 709 2076 inter
782 2033 851 2077 se
922 2011 1179 2097 legibus
1249 2010 1384 2075 suis
1450 2015 1746 2096 agerent,
1817 2011 2114 2095 idemque
2178 2010 2303 2075 hoc
2332 2028 2391 2069 20

293 2097 564 2163 haberet
617 2099 855 2164 Verres
917 2100 1057 2183 ipse
1120 2099 1190 2162 in
1253 2098 1490 2163 edicto:
1552 2102 1627 2162 ut
1691 2099 1768 2163 de
1831 2098 1935 2163 his
2000 2099 2303 2163 omnibus

295 2187 505 2250 causis
535 2208 603 2251 se
640 2186 722 2251 ad
758 2187 937 2270 leges
975 2186 1261 2250 reiceret.
1326 2185 1459 2250 Iste
1495 2185 1692 2251 homo
1730 2186 2019 2251 omnium
2056 2185 2305 2270 aequis·

294 2273 494 2338 simus
532 2277 727 2356 atque
773 2295 814 2336 a
858 2272 1210 2356 cupiditate
1254 2271 1727 2340 remotissimus
1776 2294 1845 2338 se
1891 2274 2304 2359 cogniturum

294 2381 435 2424 esse
488 2361 855 2443 confirmat3
909 2363 1213 2441 paratum
1267 2360 1351 2425 ad
1396 2382 1655 2426 causam
1708 2361 2041 2427 dicendam
2087 2361 2305 2427 venire

291 2446 457 2510 hora
490 2467 664 2510 nona
698 2446 898 2512 iubet.
977 2447 1129 2512 Non
1164 2452 1309 2513 erat
1344 2449 1706 2533 obscurum,
1753 2449 1908 2533 quid
1942 2449 2136 2514 homo
2183 2449 2303 2513 im-
2332 2466 2390 2507 2⁵

291 2533 536 2618 probus
592 2556 667 2599 ac
718 2534 1005 2600 nefarius
1061 2535 1411 2621 cogitaret3
1462 2558 1668 2621 neque
1723 2536 1896 2602 enim
1949 2536 2087 2621 ipse
2140 2538 2303 2602 satis

294 2622 678 2706 occultarat,
739 2644 857 2689 nec
914 2623 1145 2688 mulier
1197 2628 1413 2689 tacere
1466 2628 1787 2708 potuerat.
1886 2623 2303 2690 Intellectum

293 2714 393 2775 est
428 2710 494 2773 id
530 2710 730 2774 istum
775 2731 984 2797 agere,
1029 2715 1122 2794 ut,
1168 2733 1314 2777 cum
1360 2709 1699 2777 Sthenium
1746 2712 1883 2777 sine
1928 2713 2065 2777 ullo
2114 2733 2302 2796 argu-

293 2802 512 2863 mento
569 2820 644 2863 ac
701 2797 838 2864 sine
891 2803 1060 2864 teste
1115 2800 1512 2882 damnasset,
1565 2803 1708 2864 tum
1761 2799 1958 2867 homo
2011 2799 2302 2865 nefarius

291 2886 369 2950 de
440 2886 701 2951 homine
770 2886 979 2952 nobili
1043 2890 1237 2971 atque
1302 2888 1369 2951 id
1432 2888 1668 2953 aetatis
1734 2909 1976 2972 suoque
2041 2888 2302 2972 hospite
2333 2906 2395 2946 so

290 2974 493 3060 virgis
562 2974 949 3060 supplicium
1015 2975 1454 3040 crudelissime
1517 2979 1818 3040 sumeret.
1874 2974 2101 3055 ‚Quod
2157 2997 2303 3041 cum

290 3067 462 3128 esset
512 3062 948 3147 perspicuum,
1005 3062 1081 3126 de
1129 3062 1482 3128 amicorum
1529 3063 1989 3148 hospitumque
2036 3085 2305 3129 suorum

289 3151 615 3215 sententia
668 3150 966 3215 Thermis
1021 3146 1329 3215 Sthenius
1383 3150 1658 3216 Romam
1719 3150 2040 3237 profugit3
2103 3151 2306 3216 hiemi

286 3237 720 3322 fluctibusque
772 3259 912 3303 sese
957 3239 1364 3306 committere
1409 3238 1642 3304 maluit
1688 3260 1884 3322 quam
1926 3261 2061 3304 non
2104 3238 2306 3304 istam

289 3345 694 3390 communem
768 3324 1130 3392 Siculorum
1201 3331 1659 3412 tempestatem
1732 3326 2306 3410 calamitatemque
2339 3343 2400 3385 8⁵

289 3499 553 3579 praesto
591 3503 711 3581 est,
757 3496 1098 3567 Sthenium
1134 3502 1325 3568 citari
1359 3502 1557 3569 iubet.
1631 3500 1834 3577 Quem
1873 3507 2310 3587 posteaquam
