2566 4016
206 1636 293 1699 30

207 1714 270 1760 71

207 2730 273 2778 ⁰72

312 207 443 270 298
901 206 979 259 IN
1017 206 1075 261 C.
1115 204 1421 259 VERREM
1458 204 1619 259 ACT.
1656 205 1722 259 H.

310 353 522 415 torem
554 350 622 413 in
658 349 1121 434 quadruplum,
1188 348 1291 414 Ex
1337 371 1464 433 quo
1509 350 1790 414 iudicum
1829 348 2153 413 numero?
2226 347 2330 413 Ex

312 438 579 503 cohorte
606 439 935 522 praetoria
952 439 1299 522 praeclara
1323 437 1661 502 hominum
1697 436 2330 502 honestissimorum.

314 525 481 602 Quid
554 526 876 610 amplius?
974 525 1189 590 Minus
1258 529 1325 589 te
1393 526 1690 611 iugerum
1752 525 2122 608 professum
2186 546 2329 588 esse

313 614 481 697 dico3
536 619 1019 698 recuperatores
1070 615 1267 697 reice,
1326 613 1498 697 quod
1552 614 1859 679 adversus
1913 612 2196 678 edictum
2235 612 2327 676 fe·

312 702 494 766 ceris.
582 701 682 765 Ex
746 724 873 785 quo
935 702 1251 766 numero?
1339 700 1444 765 Ex
1505 702 1730 766 eadem
1785 701 2068 766 cohorte.
2159 699 2329 776 Quid
2356 719 2385 761 ⁵

312 791 438 854 erit
492 790 895 853 extremum?
987 788 1057 853 Si
1111 790 1454 854 damnatus
1510 790 1664 873 3113,
1721 793 1917 873 atque
1974 790 2133 853 adeo
2179 810 2330 853 cum

313 878 674 941 damnatus
707 877 835 941 eris
882 874 1064 962 (nam
1110 877 1433 942 dubitatio
1481 877 1918 941 damnationis
1964 877 2099 940 illis
2146 898 2330 941 recu-

311 965 720 1048 peratoribus
777 986 963 1048 quae·
995 969 1258 1048 poterat
1311 987 1453 1029 esse
1464 964 1545 1050 2),
1601 966 1804 1051 virgis
1859 969 1927 1029 te
1979 964 2082 1030 ad
2103 986 2331 1029 necem

310 1053 491 1117 caedi
526 1074 785 1117 necesse
825 1054 966 1117 erit.
1044 1051 1168 1117 His
1207 1053 1479 1138 legibue,
1523 1053 1629 1117 his
1675 1052 2157 1117 condicionibus
2203 1053 2334 1117 erit

312 1141 656 1242 quisquam
691 1146 831 1206 tam
867 1141 1108 1205 stultus
1156 1142 1266 1224 qui
1313 1140 1613 1205 decumas
1658 1141 1912 1205 venisse
1957 1141 2421 1225 arbitretur,1o

312 1230 423 1312 qui
472 1230 731 1294 aratori
792 1249 1027 1294 novem
1093 1233 1315 1314 partes
1379 1229 1662 1312 reliquas
1726 1228 1933 1294 factas
1998 1250 2139 1293 esse
2201 1228 2332 1292 exi-

312 1317 561 1399 stimet,
622 1317 736 1399 qui
788 1338 920 1382 non
972 1318 1318 1402 intellegat
1364 1317 1564 1381 istum
1623 1317 1752 1381 sibi
1804 1317 2103 1400 quaestui
2146 1338 2332 1400 prae-

311 1405 556 1486 daeque
609 1404 915 1468 habuisse
968 1405 1167 1487 bona,
1221 1405 1670 1488 possessiones
1715 1404 2141 1488 fortunasque
2187 1426 2333 1468 ara-

310 1492 572 1555 torum?
635 1489 989 1576 Virgarum
1025 1495 1204 1555 metu
1232 1490 1691 1576 Agyrinenses,
1730 1492 1900 1575 quod
1935 1493 2332 1576 imperatum

313 1582 510 1661 esset,
554 1578 842 1643 facturos
890 1601 957 1643 se
1005 1600 1144 1643 esse
1192 1580 1508 1643 dixerunt.
2362 1598 2417 1640 ιδ

444 1665 738 1751 Accipite
792 1688 984 1750 nunc,
1041 1667 1194 1750 quid
1248 1668 1614 1752 imperarit,
1670 1672 1735 1732 et
1782 1668 2214 1750 dissimulate,
2270 1670 2334 1733 si

310 1755 614 1839 potestiS,
676 1776 792 1819 vos
855 1756 1238 1840 intellegere
1297 1756 1517 1840 ipsum
1579 1760 1970 1839 praetorem,
2032 1756 2099 1819 id
2154 1757 2334 1839 quod

309 1847 451 1908 tota
491 1841 714 1908 Sicilia
757 1844 1104 1928 perspexit,
1149 1843 1624 1927 redemptorem
1672 1843 2085 1909 decumarum
2133 1847 2333 1927 atque

312 1930 507 1996 adeo
535 1936 869 1997 aratorum
927 1932 1261 1996 dominum
1317 1954 1391 1996 ac
1445 1952 1668 2018 regem
1719 1932 1937 1996 fuisse.
2037 1930 2336 2016 Imperat

311 2020 847 2106 Agyrinensibus,
882 2026 957 2086 ut
986 2021 1332 2086 decumas
1312 2022 1442 2105 ipsi
1469 2021 1725 2105 publice
1754 2021 2090 2105 accipiant,
2119 2020 2335 2104 Apro·
2361 2039 2416 2080 so

309 2109 419 2171 nio
479 2110 729 2174 lucrum
777 2109 947 2173 dent.
1037 2107 1108 2174 Si
1153 2129 1392 2194 magno
1441 2113 1712 2192 emerat,
1768 2110 2072 2209 quoniam
2120 2112 2194 2172 tu
2241 2130 2336 2194 es,

312 2197 423 2279 qui
458 2197 672 2279 pretia
708 2196 1205 2281 diligentissime
1243 2197 1602 2280 exquisisti,
1639 2197 1768 2281 qui,
1813 2201 1887 2260 ut
1925 2196 2040 2279 ais,
2086 2218 2334 2282 magno

309 2283 686 2365 vendidisti,
741 2305 939 2365 quare
993 2284 1273 2380 putabas
1322 2285 1601 2368 emptori
1645 2285 1896 2349 lucrum
1942 2284 2091 2349 addi
2136 2305 2336 2367 opor-

311 2370 491 2434 tere‘?
581 2369 772 2451 Esto,
836 2364 1143 2454 putaba83
1207 2392 1404 2454 quam
1470 2373 1553 2436 ob
1608 2394 1746 2437 rem
1801 2373 2199 2457 imperabas,
2253 2377 2335 2437 ut

312 2456 663 2521 adderent?
728 2458 882 2541 quid
936 2462 1038 2522 est
1092 2458 1269 2522 aliud
1324 2480 1552 2544 capere
1607 2460 1949 2525 conciliare
2002 2460 2335 2545 pecunias,
2362 2479 2416 2521 2⁵

310 2545 380 2608 in
417 2565 543 2627 quo
581 2549 649 2609 te
696 2544 801 2608 lex
845 2550 1042 2630 tenet,
1086 2547 1145 2609 si
1190 2547 1315 2612 hoc
1358 2569 1491 2612 non
1538 2552 1654 2632 est,
1699 2549 1766 2612 11
1812 2552 2006 2632 atque
2050 2549 2335 2649 imperio

311 2653 542 2717 cogere
594 2633 837 2698 invitos
891 2634 1142 2699 lucrum
1196 2635 1350 2699 dare
1406 2636 1622 2717 alteri,
1677 2636 1800 2701 hoc
1846 2640 1946 2700 est
1989 2637 2334 2719 pecuniam

313 2721 508 2785 dare?
591 2720 759 2796 Quid
802 2724 988 2786 tum?
1070 2721 1382 2805 Aproni0,
1429 2723 1677 2788 deliciis
1722 2724 2061 2807 praetoris,
2106 2725 2337 2789 lucelli

312 2809 558 2892 aliquid
610 2809 770 2873 iussi
826 2814 979 2874 sunt
1030 2810 1198 2874 dare.
1289 2810 1598 2875 Putatote
1634 2812 1926 2895 Apronio
1974 2811 2226 2895 datum,
2272 2813 2337 2876 si

314 2897 762 2981 Apronianum
817 2898 1123 2961 lucellum
1178 2920 1254 2962 ac
1306 2919 1437 2961 non
1480 2899 1811 2981 praetoria
1855 2899 2096 2982 praeda
2138 2900 2336 2965 vobis
2365 2918 2422 2958 ω

310 2985 652 3050 videbitur.
741 2985 1059 3068 Imperas,
1120 2989 1196 3049 ut
1258 2984 1560 3049 decumas
1623 2986 1969 3070 accipiant,
2033 2986 2336 3070 Apronio

313 3073 466 3137 dent
520 3073 684 3137 lucri
737 3072 941 3137 tritici
996 3071 1394 3137 medimnum
1446 3077 1704 3137 ῖΧΧιΠ..
1786 3072 1954 3149 Quid
2007 3075 2131 3140 hoc
2183 3077 2338 3141 est?

310 3182 440 3224 una
489 3161 719 3225 civitas
765 3180 844 3224 ex
887 3182 1016 3224 uno
1064 3181 1224 3245 agro
1270 3160 1482 3243 plebis
1527 3160 1860 3226 Romanae
1905 3184 2109 3246 prope
2153 3184 2340 3228 men·

312 3252 496 3311 strua
524 3248 768 3312 cibaria
793 3247 1162 3331 praetoris
1142 3248 1418 3331 imperio
1446 3249 1687 3314 donare
1707 3250 1998 3333 Apronio
2027 3252 2340 3336 cogitur?

312 3334 411 3395 Tu
447 3356 687 3434 magno
726 3334 1025 3399 decumas
1064 3335 1430 3420 vendidisti,
1466 3357 1613 3400 cum
1649 3341 1908 3401 tantum
1945 3339 2110 3403 lucri
2146 3339 2343 3404 decu·
2369 3357 2430 3398 aa

315 3439 506 3482 mano
536 3422 623 3484 sit
659 3422 927 3486 datum?
989 3422 1311 3506 Profecto,
1351 3425 1406 3487 si
1441 3425 1722 3508 pretium
1763 3426 2151 3509 exquisisses
2190 3427 2345 3492 dili-

315 3508 560 3585 genter,
605 3511 763 3589 tum,
809 3531 955 3573 cum
991 3511 1335 3594 vendebas,
1383 3529 1431 3574 Χ
1470 3512 1864 3579 medimnum
1897 3514 2118 3598 potius
2157 3514 2348 3579 addi-
