2566 4016
769 146 904 202 LIB.
941 148 967 201 l
1057 147 1212 202 CAP.
1253 153 1462 203 58-61
1502 153 1533 214 ἓ
1573 155 1869 204 152-157.
2205 150 2331 215 197

306 293 443 359 eius
494 291 677 357 modi
726 290 1030 392 exegisti,
1088 295 1166 355 ut
1220 295 1295 356 tu
1347 291 1487 376 ipse
1544 292 1663 357 illa
1727 292 1823 356 ire
1879 315 2015 358 non
2073 295 2332 361 audeas.

307 381 425 446 Te
460 383 650 465 putet
680 379 1083 480 quisquam,
1154 399 1301 444 cum
1361 379 1448 444 ab
1513 378 1711 445 Italia
1768 380 1939 446 freto
2010 382 2331 449 diiunctus

309 491 485 535 esses
494 517 514 552 ‚
564 467 760 533 socios
813 470 1238 551 temperasse,
1289 467 1406 550 qui
1459 468 1682 532 aedem
1740 466 2027 533 Castoris
2092 475 2331 537 testem

309 563 570 622 tuorum
613 555 938 620 furtorum
983 577 1124 620 esse
1165 555 1497 620 volueris?
1543 577 1740 639 quam
1780 557 2060 641 populus
2098 558 2331 624 Roma·

257 665 283 705 5
308 667 432 711 nus
480 644 730 727 cotidie,
770 643 1015 708 iudices
1061 642 1260 708 etiam
1306 646 1466 726 tum,
1508 662 1656 709 cum
1702 644 1781 710 de
1825 648 1893 708 te
1941 647 2331 711 sententiam

310 733 550 815 ferant,
590 731 920 796 videbunt.

440 821 660 904 Atque
676 820 879 884 etiam
894 819 1250 885 iudicium
1230 842 1302 885 ιιι
1312 823 1635 902 praetura
1659 821 1995 904 publicum
2021 764 2329 906 exercuit3
2351 810 2437 874 60

308 931 441 974 ιιοιι
486 908 658 974 enim
702 907 1243 991 praetereundum
1292 912 1391 972 est
1427 930 1515 972 ne
1572 908 1641 972 id
1703 909 1981 993 quidem.
2077 909 2297 976 Petita
2336 886 2437 937 ¹⁵⁵

309 998 519 1062 multa
578 999 684 1061 ast
738 995 913 1080 apud
963 995 1167 1061 istum
1220 999 1593 1080 praetorem
1648 1018 1688 1060 a
1741 995 1813 1071 Q.
1869 996 2156 1082 Opimi03
2221 999 2332 1083 qui

229 1104 282 1145 10
308 1085 623 1152 adductus
663 1088 764 1148 est
798 1084 869 1148 in
904 1082 1228 1166 iudicium,
1264 1085 1464 1150 verbo
1504 1084 1694 1168 quod,
1732 1107 1885 1150 cum
1922 1091 2095 1150 esset
2125 1087 2332 1152 tribu·

306 1196 430 1240 nus
503 1172 743 1258 plebis,
813 1171 1290 1237 intercessisset
1357 1176 1587 1237 contra
1659 1173 1873 1258 legem
1946 1171 2332 1258 Corneliam,

307 1282 377 1327 rc
436 1281 583 1326 vera
654 1260 826 1344 quod
887 1260 958 1323 in
1027 1259 1370 1324 tribunatu
1437 1260 1705 1324 dixisset
1768 1264 1997 1326 contra
2059 1262 2331 1327 alicuius

309 1349 592 1415 hominis
637 1348 880 1413 nobilis
922 1348 1349 1412 voluntatem.
1425 1346 1528 1411 De
1576 1369 1703 1431 quo
1747 1348 1984 1414 iudicio
2032 1350 2090 1413 si
2134 1350 2330 1415 velim

311 1437 521 1504 dicere
577 1437 820 1521 omnia,
878 1435 1077 1500 multi
1124 1435 1505 1520 appellandi
1557 1436 1978 1520 laedendique
2040 1438 2203 1520 sint,
2262 1439 2332 1502 id

231 1543 284 1584 15
310 1526 485 1611 quod
538 1525 700 1590 mihi
759 1544 895 1589 non
953 1527 1059 1589 est
1119 1545 1407 1608 necesse-3
1469 1527 1727 1589 tantum
1793 1525 2030 1609 dicam,
2089 1548 2332 1611 paucos

309 1614 626 1698 homines,
668 1617 745 1678 ut
790 1612 1117 1677 levissime
1163 1613 1507 1697 appellem,
1554 1617 1937 1699 arrogantes
1982 1613 2107 1679 hoc
2147 1615 2332 1680 adiu-

310 1707 454 1769 tore
500 1701 574 1777 Q.
615 1700 950 1785 Opimium
992 1721 1110 1786 per
1154 1700 1381 1765 ludum
1425 1705 1495 1765 et
1536 1701 1752 1767 iocum
1795 1701 2076 1767 fortunis
2132 1703 2333 1769 omni—

310 1791 433 1855 bus
481 1790 806 1854 evertisse.

262 1930 265 1933 .
445 1876 513 1942 Is
550 1876 712 1940 mihi
748 1877 946 1941 etiam
985 1877 1296 1961 queritur,
1343 1875 1515 1960 quod
1553 1898 1593 1940 a
1627 1876 1817 1941 nobis
1856 1895 1932 1941 lx
1971 1878 2127 1942 solis
2167 1877 2297 1942 die·
2336 1887 2438 1937 156

231 1984 287 2025 ιο
313 1965 436 2031 bus
490 1965 702 2051 prima
758 1965 927 2031 actio
984 1965 1085 2030 sui
1138 1963 1360 2029 iudicii
1412 1966 1744 2029 transacta
1800 1964 1912 2049 sit,
1970 1986 2117 2030 cum
2163 1966 2335 2051 apud

315 2054 614 2137 [istum]
594 2078 661 2140 lp
666 2075 811 2119 sum
847 2054 1059 2119 tribus
1105 2052 1285 2118 horis
1333 2049 1403 2127 Q.
1442 2050 1757 2136 OpimiUS‚
1801 2056 2064 2117 senator
2107 2055 2336 2138 populi

312 2142 621 2226 Romani,
619 2079 873 2224 p,bona
933 2141 1257 2224 fortunae,
1305 2144 1687 2205 ornamenta
1734 2141 1953 2205 omnia
1999 2141 2334 2207 amiserit?

315 2231 494 2295 cuius
522 2233 791 2313 propter
818 2229 1274 2315 indignitatem
1311 2228 1531 2293 iudicii
1568 2228 1942 2313 saepissime
1980 2232 2081 2293 est
2119 2233 2335 2295 actum

254 2382 261 2390 ,
313 2318 384 2381 ιιι
439 2321 692 2401 senatu,
746 2321 821 2382 ut
876 2339 1080 2405 genus
1125 2317 1248 2382 hoc
1294 2320 1509 2383 totum
1555 2318 1911 2383 multarum
1956 2320 2151 2402 atque
2199 2318 2334 2383 eius
2440 2375 2446 2384 ,

233 2422 288 2465 25
315 2405 491 2472 modi
517 2405 902 2471 iudiciorum
929 2406 1289 2470 tolleretur.
1350 2405 1491 2471 Iam
1518 2427 1672 2471 vero
1701 2406 1770 2470 in
1797 2405 1985 2470 bonis
2016 2404 2086 2482 Q.
2115 2406 2335 2491 Opimi

314 2494 661 2560 vendendis
709 2516 871 2579 quas
916 2494 1044 2557 iste
1087 2492 1362 2577 praedas
1408 2515 1604 2577 quam
1653 2497 1902 2578 aperte,
1961 2516 2154 2578 quam
2214 2496 2335 2559 im-

311 2582 515 2667 probe
550 2582 796 2666 fecerit,
843 2583 1114 2667 longum
1151 2583 1251 2645 est
1289 2580 1524 2664 dicere3
1567 2582 1694 2646 hoc
1739 2581 1908 2647 dico.
1954 2580 2104 2647 Nisi
2148 2583 2335 2647 vobis

312 2670 381 2732 id
434 2670 770 2734 hominum
822 2668 1433 2734 honestissimorum
1487 2669 1731 2733 tabulis
1791 2669 2061 2754 planum
2103 2668 2335 2754 fecem,

315 2755 478 2839 fingi
522 2777 562 2818 a
606 2777 709 2819 me
755 2755 879 2821 hoc
924 2761 1139 2822 totum
1174 2757 1490 2841 temporis
1528 2778 1723 2821 causa
1758 2759 2076 2841 putatote.
2157 2756 2299 2821 Iam'
2339 2764 2439 2815 157

234 2861 288 2901 so
317 2842 430 2927 qui
474 2863 552 2905 ex
598 2843 970 2908 calamitate
1008 2845 1327 2909 senatoris
1364 2844 1591 2928 populi
1625 2844 1923 2928 Romani,
1970 2866 2114 2908 cum
2150 2866 2337 2928 prae-

314 2936 421 2997 tor
458 2929 694 2994 iudicio
725 2930 860 2994 eius
888 2932 1295 3016 praefuisset,
1334 2931 1546 3017 spolia
1583 2931 1843 2996 domum
1881 2953 2067 2996 suam
2094 2930 2335 2995 referre

315 3023 380 3085 et
427 3016 769 3083 manubias
817 3016 1153 3084 detrahere
1198 3023 1469 3085 conatus
1518 3019 1633 3103 sit,
1691 3020 1748 3084 is
1794 3020 2000 3085 ullam
2056 3018 2139 3083 ab
2196 3040 2336 3083 sese

315 3106 758 3175 calamitatem
803 3106 1046 3188 poterit
1092 3106 1211 3192 dep
1215 3107 1465 3173 recari‘?

446 3193 621 3260 Nam
677 3194 754 3258 de
812 3193 1278 3260 subsortitione
1333 3195 1451 3259 illa
1502 3194 1779 3260 Iuniana
1833 3194 2114 3260 iudicum
2167 3194 2334 3259 nihil
2356 3191 2434 3255 61

234 3300 287 3341 35
317 3284 476 3349 dico,
550 3281 718 3357 Quid
766 3281 981 3346 enim?
1046 3286 1273 3347 contra
1318 3282 1609 3366 tabulaS‚
1656 3304 1816 3383 quas
1863 3286 1937 3348 tu
1982 3282 2336 3368 protulisti,

316 3372 586 3437 audeam
635 3370 887 3436 dicere?
960 3368 1243 3434 Difficile
1282 3373 1409 3453 est3
1452 3391 1586 3434 non
1623 3371 1794 3435 enim
1832 3392 1935 3436 me
1972 3374 2089 3437 tua
2125 3371 2337 3436 solum

318 3463 382 3522 et
417 3460 699 3525 iudicum
738 3458 1112 3541 auctoritaS‚
1159 3457 1271 3522 sed
1310 3458 1507 3522 etiam
1545 3460 1776 3525 anulus
1816 3481 2045 3525 aureus
2089 3460 2340 3527 scribae
