2566 4016
628 222 764 277 ΜΒ.
802 223 880 277 IV
944 222 1095 276 CAP.
1133 228 1346 277 53-55
1383 228 1414 288 ς
1455 228 1748 279 118—123.
2063 223 2197 286 415

54 398 59 437 t
192 386 566 433 conservare
609 366 942 432 voluisset.
1021 364 1102 430 In
1145 365 1270 431 hac
1312 365 1669 450 partitione
1715 369 1983 431 ornatus
2025 388 2160 432 non
2199 380 2299 435 121

55 466 58 526 'f
189 456 334 540 plus
369 455 644 520 victoria
678 453 973 519 Marcelli
1008 453 1253 539 populo
1290 452 1587 518 Romano
1626 453 1958 538 adpetivit,
2001 476 2198 538 quam

54 577 58 616 ς
189 543 555 609 humanitas
584 540 1005 626 Syracusanis
1033 541 1409 607 reservavit.
1474 541 1753 606 Romam
1781 562 1944 626 quae
1979 563 2197 626 aspor-

52 664 57 705 1
189 633 327 697 tata
363 636 536 716 sunt,
580 631 662 696 ad
707 630 931 695 aedem
967 628 1260 695 Honoris
1301 635 1368 693 et
1385 628 1673 696 Virtutis
1716 630 2004 713 itemque
2048 630 2197 694 aliis

52 755 56 795 ι
139 735 165 776 ⁵
190 719 257 783 in
308 720 470 784 locis
520 719 829 784 videmus.
924 717 1116 783 Nihil¹
1161 719 1233 782 in
1288 717 1582 802 aedibus,
1642 717 1808 782 nihil
1862 718 1933 781 in
1987 717 2197 782 hortis

53 844 56 881 ι
188 808 430 892 posuit,
489 807 657 871 nihil
719 807 790 870 in
848 807 1252 889 suburbano3
1312 805 1596 890 putavit,
1659 806 1718 870 si
1771 806 1952 870 urbis
2007 826 2199 870 orna-

53 934 55 971 ÷
187 899 407 961 menta
466 895 730 960 domum
792 916 978 959 suam
1031 915 1165 960 non
1207 894 1628 978 contulisset,
1681 894 1955 959 domum
2010 916 2197 959 suam

53 1022 55 1043 s
188 988 567 1050 ornamento
620 982 769 1048 urbi
822 983 1129 1048 futuram.
1221 980 1559 1067 Syracusis
1605 986 1824 1047 autem
1868 982 2198 1067 permulta

51 1114 53 1149 ,
187 1075 380 1155 atque
444 1070 710 1156 egregia
770 1071 1063 1153 reliquit3
1126 1071 1318 1135 deum
1379 1092 1533 1135 vero
1596 1070 1852 1134 nullum
1903 1070 2197 1154 violavit,

50 1201 54 1240 f
104 1178 161 1220 io
185 1160 439 1223 nullum
502 1159 744 1243 attigit.
845 1156 1150 1222 Conferte
1193 1157 1495 1242 Verrem,
1555 1179 1687 1223 non
1738 1162 1817 1222 ut
1864 1157 2195 1223 hominem

51 1292 53 1329 ἰ
187 1268 331 1311 cum
367 1246 630 1311 homine
664 1246 1074 1329 comparetis,
1117 1265 1204 1309 ne
1246 1267 1375 1328 qua
1417 1245 1541 1311 tali
1583 1246 1724 1309 viro
1771 1248 2033 1311 mortuo
2076 1246 2196 1310 fiat

51 1382 52 1385 η
183 1334 437 1417 iniuria,
483 1333 594 1397 sed
628 1337 707 1398 ut
731 1340 967 1418 *pacem
1003 1355 1150 1399 cum
1194 1333 1390 1416 bello,
1434 1333 1613 1419 leges
1660 1354 1807 1398 cum
1851 1334 1936 1417 vi,
1979 1332 2195 1398 forum

187 1425 253 1487 et
304 1421 465 1486 iuris
519 1421 866 1519 dictionem
921 1443 1066 1487 cum
1121 1420 1296 1485 ferro
1343 1425 1413 1485 et
1455 1422 1680 1505 armis,
1735 1421 2082 1487 adventum
2128 1425 2196 1486 et

184 1510 566 1576 comitatum
611 1530 755 1583 cum
804 1510 1087 1574 exercitu
1132 1512 1200 1575 et
1241 1509 1514 1574 victoria
1559 1508 1928 1575 conferatis.
1980 1541 1985 1548 ·

101 1617 156 1658 ιε»
315 1598 515 1663 Aedis
559 1597 892 1663 Minervae
936 1601 1040 1662 est
1079 1598 1150 1662 in
1192 1596 1443 1682 Insula,
1498 1597 1577 1663 de
1623 1620 1752 1682 qua
1797 1600 1949 1663 ante
2000 1598 2159 1682 dixi3
2198 1562 2301 1691 152}
2400 1597 2405 1608 '

183 1708 377 1771 quam
403 1687 752 1752 Marcellus
786 1707 918 1751 non
956 1687 1199 1772 attigit,
1237 1707 1433 1769 quam
1469 1686 1732 1770 plenam
1770 1690 1965 1770 'atque
2004 1708 2195 1751 orna-

181 1779 320 1839 tam
369 1775 658 1858 reliquit3
713 1796 879 1858 quae
922 1775 1008 1838 ab
1052 1775 1183 1839 isto
1231 1775 1324 1838 sic
1369 1774 1654 1859 spoliata
1695 1778 1896 1858 atque
1941 1774 2196 1856 direpta

184 1866 301 1944 est,
344 1882 477 1924 non
522 1866 594 1926 ut
640 1862 723 1925 ab
767 1860 959 1925 hoste
1005 1862 1244 1944 aliquo,
1292 1861 1404 1944 qui
1446 1863 1668 1924 tamen
1712 1861 1783 1924 in
1825 1861 2003 1926 bello
2049 1862 2196 1926 reli-

183 1949 443 2036 gionem
490 1952 558 2013 et
601 1948 1086 2015 consuetudinis
1126 1948 1274 2014 iura
1317 1947 1644 2032 retineret,
1690 1947 1804 2013 sed
1846 1951 1922 2013 ut
1967 1969 2007 2013 a
2051 1949 2195 2015 bar-

96 2058 156 2099 no
181 2039 360 2103 baris
413 2035 848 2122 praedonibus
899 2040 1138 2101 vexata
1189 2057 1332 2100 esse
1381 2035 1693 2101 videatur.
1780 2036 2009 2122 Pugna
2053 2042 2198 2103 erat

183 2125 504 2211 equestris
539 2119 895 2210 Agathocli
948 2124 1124 2210 regis
1177 2124 1246 2188 in
1298 2123 1544 2189 tabulis
1590 2124 1795 2208 picta3
1847 2125 1930 2189 iis
1975 2129 2196 2191 autem

179 2215 428 2284 tabulis
472 2213 816 2278 interiores
860 2212 1092 2295 templi
1134 2211 1417 2296 parietes
1464 2212 1930 2279 vestiebantur.
2006 2213 2194 2280 Nihil

182 2306 326 2367 erat
362 2324 442 2367 ea
482 2302 739 2386 pictura
780 2300 1093 2384 nobilius,
1135 2299 1305 2364 nihil
1352 2298 1718 2385 Syracusis,
1764 2300 1937 2385 quod
1980 2303 2194 2389 magis

179 2390 518 2456 visendum
562 2392 917 2474 putaretur.
961 2388 1137 2454 .Has
1182 2388 1447 2453 tabulas
1491 2387 1579 2454 M.
1615 2388 1993 2476 Marcellus,
2048 2412 2196 2455 cum

89 2497 152 2540 π
181 2479 405 2545 omnia
455 2478 733 2544 victoria
783 2477 904 2541 illa
958 2497 1078 2542 sua
1117 2476 1398 2563 profana
1439 2476 1726 2563 fecisset,
1778 2481 2000 2544 tamen
2044 2479 2196 2544 reli-

179 2568 376 2654 gione
411 2566 740 2653 inpeditus
772 2586 907 2632 non
943 2564 1198 2651 attigit3
1242 2565 1388 2649 iste,
1424 2587 1570 2631 cum
1604 2566 1726 2630 illa
1758 2565 1892 2632 iam
1927 2572 2197 2652 propter

180 2656 553 2720 diuturnam
629 2673 855 2739 pacem
925 2654 1437 2737 fidelitatemque
1505 2655 1734 2739 populi
1806 2652 2196 2738 Syracusani

182 2764 370 2807 sacra
413 2742 847 2828 religiosaque
871 2742 1274 2827 accepisset,
1330 2741 1540 2807 omnis
1592 2764 1701 2807 eas
1745 2742 2006 2807 tabulas
2053 2743 2195 2807 abs·

178 2830 357 2913 tulit,
400 2829 703 2913 parietes,
748 2851 1022 2913 quorum
1060 2833 1331 2895 ornatus
1366 2832 1471 2894 tot
1508 2830 1765 2895 saecula
1801 2834 2195 2915 manserant,

82 2935 150 2981 so
179 2921 286 2984 tot
349 2917 529 2982 bella
589 2917 979 3002 effugerant,
1039 2916 1250 2982 nudos
1314 2938 1388 2981 ac
1453 2915 1849 2982 deformatos
1911 2918 2194 3002 reliquit.

174 3006 271 3073 Et
305 3004 673 3089 Marcellus,
719 3005 848 3089 qui,
893 3005 952 3068 si
995 3001 1348 3088 Syracusas
1393 3004 1691 3089 cepisset,
1737 3004 1862 3069 duo
1908 3007 2157 3091 templa
2197 3011 2299 3060 123

177 3116 249 3161 se
286 3094 536 3160 Romae
574 3092 1016 3158 dedicaturum
1052 3096 1340 3174 voverat,
1383 3091 1442 3156 is
1485 3092 1570 3175 id,
1617 3092 1791 3177 quod
1836 3098 1980 3158 erat
2023 3095 2191 3159 aedi-

173 3184 508 3267 ficaturus,
541 3182 625 3247 iis
653 3181 844 3247 rebus
875 3201 1124 3264 ornare,
1161 3200 1324 3265 quas
1357 3186 1635 3265 ceperat,
1671 3180 1910 3265 noluit3
1936 3180 2192 3268 Verres,

177 3273 294 3356 qui
337 3274 482 3336 non‘
512 3270 765 3336 Honori
809 3290 1017 3354 neque
1052 3266 1332 3352 Virtuti,
1388 3289 1580 3352 quem
1626 3269 1708 3333 ad
1752 3267 2017 3334 modum
2061 3269 2193 3356 ille,

81 3377 162 3420 w
177 3360 296 3425 sed
322 3358 562 3424 Veneri
599 3363 666 3424 et
700 3356 1001 3442 Cupidini
1037 3360 1193 3423 vota
1229 3356 1511 3441 deberet,
1555 3356 1611 3421 is
1658 3357 1990 3423 Minervae
2033 3361 2192 3424 tem-

175 3447 366 3533 plum
417 3447 700 3531 spoliare
752 3451 1026 3513 conatus
1072 3449 1192 3511 est.
1278 3445 1405 3511 Ille
1450 3445 1604 3511 deos
1650 3446 1915 3511 deorum
1961 3447 2189 3533 spoliis

179 3534 402 3600 ornari
467 3537 709 3620 noluit,
780 3535 887 3601 hic
951 3538 1334 3601 ornamenta
1394 3532 1723 3601 Minervae
1785 3534 2059 3621 virginis
2122 3537 2192 3601 in
