2566 4016
859 241 1011 295 CAP.
1050 248 1137 310 44,
1174 249 1243 298 45
1280 249 1312 309 9
1349 250 1644 299 127-132.
2171 246 2255 312 73

247 403 430 446 suum
469 382 753 448 voluerit
798 384 1113 469 conferre,
1167 385 1334 450 nihil
1380 385 1616 472 egerit3
1667 408 1857 451 nemo
1913 392 2013 452 est
2067 389 2256 473 enim,

243 470 355 553 qui
399 471 647 536 nesciat
680 476 951 555 propter
988 473 1502 559 magnitudinem
1534 495 1752 539 rerum
1778 475 1987 539 multa
2013 477 2256 541 multos

230 560 469 639 partim
513 560 723 637 invito,
768 560 1013 659 partim
1056 561 1465 646 imprudente
1508 561 1580 626 L.
1618 559 1802 626 Sulla
1837 563 2254 628 commisisse.

238 644 463 710 Placet
518 646 721 732 igitur
765 647 835 711 in
880 647 982 712 his
1026 649 1221 713 rebus
1270 649 1517 732 aliquid
1559 649 1997 733 imprudentia
2040 672 2221 735 prae-
2260 664 2359 712 131

187 748 212 789 ⁵
237 733 469 799 teriri‘?
558 734 711 801 Non
754 736 987 820 placet,
1034 735 1294 821 iudiceS,
1340 737 1452 802 sed
1493 757 1754 803 necesse
1800 742 1917 803 est.
1994 737 2259 803 Etenim

240 821 297 885 si
340 819 638 907 Iuppiter
693 824 979 906 optimus
1036 825 1384 909 maximus,
1437 825 1616 890 cuius
1661 830 1826 891 nutu
1871 830 1938 892 et
1982 826 2258 892 arbitrio

237 910 508 993 caelum,
541 914 718 974 terra
746 912 1079 995 mariaque
1106 916 1439 998 reguntur,
1472 935 1662 997 saepe
1691 915 1902 978 ventis
1921 915 2257 980 vehemen-

234 997 516 1061 tioribus
546 1001 660 1061 aut
686 998 1128 1065 immoderatis
1155 1000 1658 1086 tempestatibus
1688 1005 1802 1066 aut
1818 1002 2020 1067 nimio
2041 1004 2256 1067 calore

238 1089 352 1150 aut
379 1086 784 1150 intolerabili
811 1085 1055 1173 frigore
1081 1088 1455 1153 hominibus
1491 1090 1730 1172 nocuit,
1767 1090 1960 1153 urbes
1999 1090 2256 1167 delevit,

158 1189 208 1228 1⁰
233 1172 462 1257 fruges
517 1174 822 1259 perdidit,
885 1195 1160 1275 quorum
1219 1176 1385 1239 nihil
1448 1176 1717 1259 pernicii
1781 1196 1976 1240 causa
2038 1176 2254 1240 divino

237 1260 539 1345 consilio,
603 1261 714 1326 sed
767 1263 835 1326 vi
892 1263 1037 1346 ipsa
1100 1266 1167 1326 et
1228 1263 1676 1348 magnitudine
1739 1284 1955 1327 rerum
2007 1261 2255 1327 factum

232 1352 570 1432 putamus,
616 1353 687 1414 at
733 1354 960 1415 contra
1005 1349 1366 1434 commoda,
1419 1350 1650 1435 quibus
1705 1350 1977 1434 utimur,
2023 1351 2256 1415 lucem-

234 1459 387 1521 que,
436 1459 563 1521 qua
605 1436 909 1522 fruimur,
953 1438 1410 1524 spiritumque,
1457 1459 1647 1523 quem
1695 1438 2002 1522 ducimus,
2050 1439 2132 1503 ab
2178 1459 2254 1504 eo

232 1525 427 1590 nobis
485 1525 625 1589 dari
688 1530 884 1608 atque
946 1526 1267 1610 impertiri
1326 1526 1644 1610 videmus,
1710 1527 1862 1611 quid
1926 1528 2255 1609 miramur,

155 1629 206 1669 1⁵
230 1613 505 1697 iudiceS,
558 1612 629 1677 L.
677 1610 952 1697 Sullam,
1008 1637 1152 1679 cum
1207 1616 1386 1679 solus
1440 1636 1579 1680 rem
1620 1615 1953 1715 publicam
1998 1619 2255 1701 regeret

232 1702 591 1784 orbemque
617 1705 939 1766 terrarum
980 1703 1425 1788 gubernaret
1406 1703 1787 1787 1mperiique
1826 1704 2253 1785 maiestatem,

234 1811 435 1873 quam
500 1790 696 1853 armis
764 1794 1120 1875 receperat,
1192 1791 1450 1876 legibus
1525 1790 1962 1873 confirmaret,
2035 1789 2255 1871 aliqua

234 1876 749 1942 animadvertere
774 1899 907 1943 non
931 1878 1264 1962 potuisse?
1308 1877 1437 1941 nisi
1473 1876 1598 1941 hoc
1634 1878 1870 1941 mirum
1916 1880 2037 1960 est,
2083 1875 2254 1958 quod

231 1964 340 2030 vis
397 1964 611 2030 divina
666 1965 931 2050 adsequi
983 1987 1116 2031 non
1177 1964 1414 2050 possit,
1476 1964 1532 2027 si
1594 1963 1661 2027 id
1723 1983 1906 2028 mens
1969 1962 2255 2028 humana

149 2071 204 2111 so
230 2053 474 2137 adepta
516 2076 650 2119 non
694 2054 798 2118 sit.
887 2053 1132 2118 Verum
1177 2057 1251 2116 ut
1294 2052 1455 2115 haec
1499 2051 1701 2115 missa
1742 2050 1998 2135 faciam,
2053 2072 2218 2134 quae
2258 2081 2357 2129 132

226 2143 365 2208 iam
411 2141 588 2206 facta
634 2147 804 2225 sunt,
855 2163 932 2206 ex
975 2141 1083 2224 iis,
1130 2161 1295 2225 quae
1339 2160 1509 2203 nunc
1555 2160 1702 2204 cum
1746 2139 2025 2203 maxime
2069 2139 2253 2224 fiunt,

225 2189 2253 2419 {¹332ssssssss153⁹&ssoessssssffeffhrffissssmai⁰ffli⁰ssssss

224 2405 427 2471 Rosci
471 2426 709 2470 nomen
746 2405 1160 2469 deferendum
1196 2403 1449 2469 curavit
1495 2403 1645 2484 [hoc
1681 2404 2035 2490 iudiciumJ,
2072 2405 2252 2471 cuius

148 2509 199 2550 2⁵
224 2493 501 2558 honoris
547 2513 743 2557 causa
789 2514 1088 2558 accusare
1135 2514 1205 2557 se
1251 2490 1414 2555 dixit
1456 2489 1732 2556 Erucius
1779 2541 1794 2558 .
1832 2542 1847 2557 .
1877 2542 1892 2558 .
1929 2543 1944 2558 .

878 2580 1149 2707 [Deswg‘
1189 2600 1317 2644 non
1347 2583 1600 2660 pauca]

368 2755 445 2819 In
496 2757 640 2821 vico
695 2755 1118 2837 Pallacinae]
1148 2756 1393 2839 Locus,
1436 2753 1544 2818 ubi
1597 2759 1918 2820 cenaverat
1974 2753 2250 2821 Roscius.

231 2878 317 2891 -
366 2842 649 2909 Maxime
695 2844 957 2925 metuit]
1003 2844 1250 2910 Sullam
1293 2842 1533 2908 scilicet.
1580 2876 1664 2888 —
1712 2841 1984 2907 Derivat
2029 2845 2252 2906 tamen

228 2935 302 2997 et
355 2931 450 2996 ait
506 2934 603 3012 se]
657 2933 729 2998 id
778 2937 866 2998 est
917 2933 1320 3014 suspicionem
1371 2948 1553 2995 suam
1604 2931 1676 2994 in
1737 2931 1936 2996 alium
1997 2929 2251 2994 deducit.

146 3045 200 3085 so
225 3019 374 3085 Hoc
435 3021 601 3085 enim
653 3021 888 3086 dicebat
940 3018 1400 3103 OErysoyonus:
1467 3016 1638 3082 Non
1690 3019 1841 3098 qnia
1898 3017 2106 3094 timui,
2170 3037 2249 3081 ne

224 3107 387 3172 mihi
431 3108 783 3174 tollerentur
825 3108 987 3174 bona
1019 3107 1247 3186 Roscii,
1293 3108 1426 3172 ideo
1469 3106 1601 3170 eius
1631 3106 1891 3186 praedia
1935 3105 2249 3189 dissipavi,

223 3197 334 3262 sed
374 3197 528 3278 quia
571 3196 989 3278 aedificatam,
1034 3197 1105 3262 in
1160 3196 1562 3262 Veientanam
1605 3194 1738 3257 ideo
1789 3193 1861 3257 de
1902 3191 2002 3256 his
2047 3197 2249 3258 trans-

225 3282 524 3350 11133-
585 3283 786 3349 Manu
848 3284 1114 3369 praedia
1175 3281 1484 3368 praediis]
1549 3279 1862 3357 PmediiS,
1925 3281 2247 3360 occasione,

223 3392 405 3453 quem
439 3373 527 3437 ad
559 3374 808 3438 modwm
842 3373 1137 3438 dicimus:
1174 3373 1300 3451 fac
1333 3371 1420 3434 ad
1449 3387 1710 3433 manum
1742 3328 1924 3433 divim
1948 3369 2245 3436 codicem.

143 3483 200 3523 ss
231 3494 307 3506 —
360 3458 487 3525 Hic
534 3482 657 3547 ego
705 3459 927 3526 audire
972 3460 1137 3525 istos
1185 3458 1402 3543 cupio]
1447 3456 1536 3521 In
1569 3455 1678 3521 hoc
1713 3457 1908 3540 capite
1941 3458 2014 3524 de
2039 3463 2246 3542 poten-

231 3545 322 3608 tia
366 3547 743 3632 Chrysoyoni
785 3549 1090 3614 invidiam
1129 3548 1311 3628 facit,
1354 3550 1427 3611 ut
1467 3550 1770 3611 enumeret
1810 3546 2059 3630 sinyula
2101 3550 2246 3614 deli-
