2566 4016
397 239 530 304 420
999 237 1079 291 IN
1114 237 1173 294 C.
1202 235 1513 292 VERREM
1547 235 1709 292 AGT.
1746 237 1817 292 11.

292 355 399 482 ‘1334
532 381 954 449 Acerbiorem
1009 381 1208 446 etiam
1262 381 1494 446 scitote
1548 400 1688 446 esse
1742 379 2119 445 civitatibus
2170 381 2397 449 falsam

399 471 599 537 istam
662 475 729 537 et
791 470 1168 536 simulatam
1226 469 1650 552 emptionem,
1713 491 1908 553 quam
1965 469 2022 534 si
2075 469 2187 553 qui
2238 471 2398 536 clam

399 559 723 644 subripiat
765 562 878 625 aut
923 558 1159 642 eripiat
1202 558 1422 643 palam
1462 560 1664 641 atque
1711 556 1981 622 auferat.
2061 556 2234 624 Nam
2273 562 2400 624 tm·-

397 648 762 735 pitudinem
803 667 1122 712 summam
1162 667 1302 711 esse
1340 645 1746 710 arbitramur
1780 643 2008 710 referri
2042 644 2113 709 in
2149 647 2401 713 tabulas

398 736 694 820 publicas
748 735 959 821 pretio
1016 734 1360 800 adductam
1403 733 1765 817 civitatem,
1819 736 1886 798 et
1930 733 2144 818 pretio
2189 757 2404 820 parvo,
2424 759 2446 799 ⁵

399 846 504 908 ea,
578 844 741 908 quae
814 823 1169 907 accepisset
1231 844 1271 887 a
1334 814 1719 904 maioribus,
1789 821 2152 886 vendidisse
2216 826 2407 908 atque

400 912 823 977 abalienasse.
885 909 1146 977 Etenim
1176 909 1545 975 mirandum
1570 910 1641 974 in
1667 909 1932 975 modum
1959 907 2191 976 Graeci
2218 912 2407 977 rebus

398 1000 545 1064 istis
556 1049 574 1082 ,
652 1020 814 1082 quas
886 1019 1006 1064 nos
1078 998 1580 1082 contemnimus,
1652 997 2075 1064 delectantur.
2180 997 2410 1085 Itaque

399 1087 677 1152 maiores
713 1087 924 1152 nostri
957 1085 1148 1152 facile
1188 1086 1608 1170 patiebantur
1650 1085 1811 1151 haec
1857 1107 1997 1150 esse
2043 1086 2216 1172 apud
2258 1088 2411 1154 illos

401 1197 596 1259 quam
641 1177 953 1261 plurima,
1005 1175 1177 1261 apud
1223 1174 1460 1258 socios,
1503 1176 1581 1239 ut
1622 1173 1897 1259 imperio
1941 1177 2169 1240 nostro
2218 1198 2414 1260 quam
2434 1197 2466 1236 ιο

401 1264 823 1330 ornatissumi
866 1262 1457 1346 florentissumique
1503 1266 1744 1345 essent3
1799 1261 1973 1347 apud
2017 1284 2126 1327 eos
2175 1269 2414 1350 autem,

401 1374 563 1436 quos
600 1351 941 1438 vectigalis
980 1354 1095 1416 aut
1135 1350 1592 1435 stipendiarios
1636 1348 1944 1433 fecerant,
1988 1353 2212 1416 tamen
2254 1353 2416 1420 haec

398 1440 881 1523 relinquebant,
925 1442 999 1504 ut
1044 1439 1170 1523 illi,
1217 1438 1452 1522 quibus
1497 1438 1657 1503 haec
1702 1438 1978 1504 iucunda
2023 1442 2204 1523 sunt,
2250 1463 2415 1526 quae

398 1527 588 1591 nobis
644 1526 815 1591 levia
867 1526 1194 1609 videntur,
1246 1527 1565 1591 haberent
1613 1526 1774 1592 haec
1820 1527 2323 1595 oblectamenta
2358 1536 2417 1596 et

297 1626 399 1678 135
437 1614 681 1679 solacia
720 1613 1070 1679 servitutis.
1135 1613 1302 1690 Quid
1339 1614 1752 1680 arbitramini
1786 1614 2093 1701 Reginos,
2130 1617 2246 1701 qui
2285 1618 2418 1684 iam
2438 1635 2471 1677 ιι

397 1702 572 1768 cives
608 1701 890 1767 Romani
927 1705 1097 1786 sunt,
1143 1723 1391 1767 merere
1435 1703 1624 1787 velle,
1669 1706 1745 1767 ut
1791 1703 1874 1768 ab
1919 1703 2001 1768 iis
2046 1726 2421 1773 marmorea

395 1789 618 1856 Venus
671 1791 792 1856 illa
845 1790 1219 1857 auferatur?
1282 1790 1439 1875 quid
1491 1790 1906 1875 Tarentinos,
1959 1795 2035 1856 ut
2077 1791 2422 1881 Europam

396 1879 468 1945 in
502 1883 692 1945 tauro
731 1879 1060 1963 amittant,
1102 1883 1178 1944 ut
1216 1877 1541 1963 Satyrum,
1587 1880 1699 1963 qui
1736 1879 1910 1965 apud
1943 1880 2094 1946 illos
2140 1881 2218 1946 in
2262 1885 2423 1950 aede

395 1967 639 2034 Vestae
684 1972 805 2052 est,
848 1972 925 2035 ut
967 1967 1224 2035 cetera?
1272 1966 1426 2052 quid
1471 1966 1921 2055 Thespienses,
1964 1973 2040 2034 ut
2075 1967 2424 2057 Cupidinis

398 2056 662 2143 signum
707 2059 1004 2142 [propter
1049 2057 1222 2141 quod
1263 2078 1467 2123 unum
1509 2057 1809 2122 visuntur
1844 2056 2216 2144 ThespiaeJ,
2267 2062 2427 2146 quid
2445 2079 2475 2119 π

397 2143 689 2229 Cnidios,
751 2149 827 2209 ut
871 2144 1191 2214 Venerem
1249 2166 1712 2229 marmoream,
1768 2146 1956 2230 quid,
2016 2150 2092 2211 ut
2148 2149 2428 2235 pictam,

397 2231 569 2299 Coos
577 2284 594 2317 ,
642 2233 798 2317 quid
831 2232 1181 2317 Ephesios,
1226 2236 1303 2298 ut
1327 2233 1797 2317 Alexandrum,
1843 2234 2017 2318 quid*
2043 2233 2430 2323 Cyzicenos,

323 2397 328 2398 γ
397 2325 473 2386 ut
517 2320 785 2385 Aiacem
840 2323 956 2385 aut
1006 2319 1329 2404 Medeam,
1394 2321 1548 2405 quid
1600 2321 1921 2407 Rhodios,
1973 2326 2049 2388 ut
2099 2322 2430 2410 Ialysum,

399 2408 554 2491 quid
578 2407 1029 2492 Athenienses,
1064 2412 1140 2474 ut
1167 2430 1243 2474 ex
1272 2430 1594 2475 marmore
1620 2409 1923 2476 Iacchum
1960 2415 2077 2476 aut
2102 2411 2430 2481 Paralum

395 2495 645 2580 pictum
699 2499 813 2560 aut
867 2517 945 2560 ex
998 2517 1144 2562 aere
1189 2496 1481 2581 Myronis
1528 2498 1875 2563 buculam?
1961 2498 2280 2586 Longum
2332 2508 2434 2569 est
2452 2518 2483 2559 Β

398 2586 464 2648 et
515 2598 655 2650 non·
699 2586 1133 2651 necessarium
1186 2606 1719 2669 commemorare,
1775 2608 1940 2671 quae
1994 2589 2173 2673 apud
2229 2612 2433 2674 quos-

395 2693 521 2757 que
575 2672 844 2738 visenda
896 2673 1030 2738 sint
1083 2676 1228 2740 tota
1270 2673 1435 2739 Asia
1488 2678 1555 2740 et
1608 2672 1906 2759 Graecia3
1963 2697 2197 2758 verum
2256 2678 2435 2745 illud

396 2764 516 2845 est,
552 2783 747 2845 quam
780 2762 866 2827 ob
904 2783 1046 2827 rem
1076 2761 1237 2827 haec
1273 2783 1794 2847 commemorem,
1828 2763 2001 2848 quod
2035 2764 2434 2834 existimare

394 2849 518 2916 hoc
564 2871 681 2916 vos
727 2850 907 2934 volo,
954 2850 1191 2915 mirum
1239 2850 1559 2934 quendam
1605 2848 1898 2917 dolorem
1941 2852 2249 2939 accipere
2304 2878 2435 2941 eoa

290 2988 372 3052 61
396 2960 474 3003 ex
520 2959 795 3022 quorum
840 2938 1111 3003 urbibus
1156 2937 1318 3004 haec
1363 2938 1758 3005 auferantur.
2066 2975 2070 2979 Δ

293 3066 393 3115 136
528 3025 747 3111 Atque
792 3030 870 3092 ut
914 3030 1164 3092 ceteros
1211 3026 1612 3113 omittamus,
1656 3027 1734 3092 de
1777 3027 1939 3113 ipsis
1984 3025 2435 3113 Syracusanis

394 3115 782 3201 cognoscite.
862 3115 969 3180 Ad
1033 3136 1198 3200 quos
1262 3136 1385 3201 ego
1439 3137 1586 3181 cum
1639 3116 1988 3201 venissem,
2049 3118 2147 3184 sic
2203 3122 2435 3205 primo

394 3203 878 3288 existimabam,
930 3207 1006 3269 ut
1057 3202 1307 3270 Romae
1362 3225 1442 3270 ex
1494 3204 1684 3269 istius
1738 3204 1962 3271 amicis
2017 3227 2438 3293 acceperam,

394 3293 722 3358 civitatem
780 3292 1250 3377 Syracusanam
1313 3296 1580 3378 propter
1633 3291 1924 3359 Heraclii
1976 3293 2437 3364 hereditatem

392 3401 527 3442 non
552 3380 770 3445 minus
796 3402 937 3447 esse
963 3380 1079 3446 isti
1107 3381 1399 3465 amicam,
1435 3403 1630 3465 quam
1653 3378 2115 3449 Mamertinam
2143 3390 2438 3473 propter
2454 3397 2483 3437 *κ

393 3465 782 3544 praedarum
821 3491 896 3534 ac
938 3468 1272 3534 furtorum
1310 3470 1601 3535 omnium
1647 3470 2054 3557 societatem3
2099 3473 2332 3540 simul
2380 3478 2439 3539 et

395 3549 683 3632 verebar,
728 3575 808 3619 ne
845 3556 1190 3625 mulierum
1226 3557 1549 3624 nobilium
1585 3561 1651 3624 et
1689 3556 2130 3627 formosarum
2179 3564 2440 3649 gratia,
