2566 4016
312 210 444 275 284
910 207 988 261 IN
1026 207 1085 262 C.
1121 205 1425 261 VERREM
1458 204 1617 260 ACT.
1654 205 1723 259 Π.

313 353 494 418 cuius
533 352 709 418 modi
744 352 955 417 edicta
1001 351 1151 417 sint.
1222 348 1287 415 N
1290 368 1334 414 Ε
1372 366 1668 431 TOLLAT,
1710 347 1944 432 inquit,
1986 363 2079 411 Ex
2123 364 2329 431 ΑΒΕΔ,

312 457 453 507 NISI
507 457 671 505 ERIT
715 455 997 507 PAcTus.
1079 437 1254 505 Satis
1301 438 1463 503 haec
1506 457 1750 522 magna
1791 435 1891 500 vis
1939 438 2040 501 est
2085 435 2169 500 ad
2213 435 2332 501 ini-

315 550 438 612 que
501 528 980 612 paciscendum3
1043 527 1219 592 malo
1285 526 1455 591 enim
1518 525 1667 610 plus
1733 524 1886 589 dare
1945 544 2141 606 quam
2199 544 2332 588 non

313 620 568 681 mature
606 639 684 681 ex
720 638 872 681 area
915 615 1166 681 tollere.
1237 614 1333 679 At
1377 613 1507 680 ista
1550 613 1650 678 vis
1687 609 2043 697 Septicium
2089 614 2156 675 et
2200 632 2333 676 non

311 705 530 770 nullos
591 702 834 789 Septici
896 703 1146 769 similes
1206 724 1342 768 non
1404 705 1683 784 coercet,
1748 699 1859 782 qui
1920 701 2019 764 ita
2082 697 2330 764 dicunt:
2357 719 2384 760 s

211 791 218 799 ’
315 791 402 857 ‘N
403 814 490 858 on
526 792 760 857 tollam
797 791 1037 876 potius,
1083 812 1279 874 quam
1320 787 1653 875 paciscar?
1724 787 1849 852 His
1893 787 2019 851 hoc
2064 785 2332 901 opponi·

314 884 449 945 tur:
489 879 947 964 ‘Deportatum
983 878 1229 943 habeas
1267 881 1421 943 ante
1446 875 1777 943 Kalendas
1815 872 2111 940 Sextiles.
2206 873 2332 938 De-

361 968 593 1032 ortabo
647 966 870 1052 igitur.
961 965 1140 1032 ‘Nisi
1187 969 1420 1050 pactus
1467 964 1621 1047 eris,
1671 985 1806 1030 non
1852 960 2331 1028 commovebis?

314 991 423 1119 gio
450 1054 837 1139 deportandi
864 1054 1000 1119 dies
1027 1053 1422 1138 praestituta
1452 1052 1687 1117 tollere
1725 1051 2003 1137 cogebat
2037 1072 2116 1115 ex
2152 1071 2335 1132 area3

314 1143 673 1227 prohibitio
728 1142 1029 1226 tollendi,
1082 1142 1210 1207 nisi
1264 1145 1494 1227 pactus
1547 1143 1745 1224 esset,
1797 1139 1933 1204 vim
1977 1137 2333 1204 adhibebat
2362 1160 2416 1202 ιο

215 1230 629 1351 15pactioni,
672 1252 807 1296 non
849 1231 1275 1331 yoluntatem.
1927 1286 1936 1291 -
2106 1313 2119 1327 .
2290 1314 2304 1327 ⁹

210 1363 279 1412 38
447 1318 592 1383 Iam
644 1339 799 1383 vero
853 1318 1019 1383 1llud
1065 1340 1200 1384 non
1244 1318 1458 1384 solum
1501 1319 1732 1382 contra
1775 1315 1990 1401 legem
2033 1313 2332 1381 Hierom-

317 1426 460 1470 cam
495 1427 615 1470 nec
652 1406 866 1469 solum
900 1409 1132 1470 contra
1171 1404 1703 1471 consuetudinem
1748 1403 2171 1487 superiorum,
2217 1401 2333 1468 sed

317 1491 516 1556 etiam
571 1495 800 1557 contra
853 1492 1073 1557 omnia
1124 1492 1269 1557 iura
1324 1490 1715 1576 Siculorum,
1770 1512 1934 1575 quae
1988 1490 2237 1556 habent
2290 1512 2334 1556 a

317 1582 548 1643 senatu
582 1580 954 1663 populoque
990 1578 1308 1663 Romano,
1347 1601 1431 1645 ne
1465 1580 1612 1663 quis
1649 1582 1834 1644 extra
1879 1600 2068 1645 suum
2113 1578 2331 1645 forum
2361 1601 2413 1642 ιε

315 1665 757 1732 vadimonium
832 1667 1215 1752 promittere
1288 1671 1579 1753 cogatur.
1695 1665 1943 1732 Statuit
2014 1666 2167 1750 iste,
2246 1670 2335 1732 ut

317 1759 581 1821 arator
617 1754 1059 1838 decumano,
1105 1776 1252 1839 quo
1299 1755 1545 1821 vellet
1589 1755 2076 1837 decumanus,
2120 1753 2333 1819 vadi·

315 1842 649 1908 monium
694 1843 1227 1927 promitteret,
1269 1847 1346 1909 ut
1385 1843 1492 1908 hic
1534 1864 1789 1927 quoque
1824 1842 2138 1927 Apronio,
2183 1863 2333 1908 cum

317 1952 394 1995 ex
439 1930 760 1996 Leontino
814 1952 1018 2016 usque
1073 1931 1155 1996 ad
1198 1930 1582 2017 Lilybaeum
1634 1931 1919 2015 aliquem
1963 1929 2332 2014 vadai-etur,

315 2041 395 2083 ex
431 2020 685 2085 miseris
727 2020 1097 2085 aratoribus
1142 2020 1581 2086 calumniandi
1624 2023 1933 2103 quaestus
1980 2019 2330 2085 accederet.
2360 2041 2415 2082 so

316 2105 723 2190 Quamquam
776 2108 896 2172 illa
947 2107 1075 2172 fuit
1126 2107 1209 2171 ad
1253 2108 1645 2172 calumniam
1691 2107 2010 2193 singulari
2053 2106 2331 2173 consilio

316 2198 576 2277 reperta
638 2194 837 2278 ratio,
901 2194 1073 2277 quod
1137 2194 1452 2277 edixerat,
1505 2199 1590 2260 ut
1648 2199 2000 2260 aratores
2058 2194 2335 2280 iugera

316 2282 704 2346 sationum
758 2302 1066 2345 suarum
1119 2281 1714 2364 profiterentur.
1805 2281 1985 2359 Quae
2029 2303 2134 2347 res
2178 2303 2334 2349 cum

316 2368 397 2432 ad
447 2367 783 2451 pactiones
827 2368 1269 2451 iniquissimas
1317 2391 1625 2456 magnam
1667 2370 1802 2436 vim
1846 2370 2104 2454 habuit,
2159 2370 2337 2437 sicut

315 2454 672 2538 ostendam,
716 2476 925 2539 neque
961 2456 1041 2521 ad
1079 2457 1286 2521 ullam
1321 2458 1678 2525 utilitatem
1711 2458 1809 2525 rei
1841 2458 2142 2542 publicae
2185 2479 2333 2542 per·
2361 2480 2417 2522 8⁵

313 2541 539 2624 tinuit,
593 2546 734 2608 tum
787 2564 940 2609 vero
997 2543 1081 2609 ad
1134 2545 1519 2630 calumnias,
1572 2547 1643 2612 in
1697 2568 1858 2629 quas
1905 2567 2128 2612 omnes
2172 2545 2334 2611 inci-

208 2641 276 2691 39
314 2630 559 2715 derent,
604 2651 766 2714 quos
802 2632 1004 2696 vellet
1030 2632 1379 2717 Apronius.
1450 2633 1544 2700 Ut
1581 2634 1753 2700 enim
1791 2634 2064 2717 quisque
2100 2638 2336 2701 contra

314 2718 720 2784 voluntatem
766 2719 903 2784 eius
944 2719 1215 2805 dixerat,
1258 2720 1358 2786 ita
1399 2721 1470 2787 in
1513 2744 1660 2787 eum
1703 2721 2013 2789 iudicium
2053 2720 2135 2788 de
2178 2743 2335 2806 pro·

311 2806 593 2872 sessione
668 2807 966 2892 iugerum
1040 2809 1527 2893 postulabatur,
1603 2809 1783 2876 cuius
1853 2809 2075 2876 iudicii
2146 2814 2335 2876 metu

312 2916 590 2980 magnus
620 2917 659 2959 a
685 2895 912 2962 multis
938 2895 1250 2962 frumenti
1275 2918 1583 2962 numerus
1621 2898 1881 2964 ablatus
1919 2918 2333 2985 magnaeque
2363 2921 2420 2963 ω

310 2983 619 3066 pecuniae
684 2986 944 3049 coactae
1008 2987 1187 3067 sunt3
1248 3005 1383 3050 non
1444 3006 1573 3069 quo
1631 2986 1930 3072 iugerum
1983 3007 2335 3052 numerum

311 3092 460 3135 vere
523 3071 818 3155 profiteri
873 3075 1046 3136 esset
1099 3071 1363 3137 difficile
1417 3076 1533 3137 aut
1586 3074 1867 3158 amplius
1923 3074 2122 3140 etiam
2173 3096 2337 3159 pro-

309 3158 483 3222 fiteri
546 3156 730 3242 (quid
794 3158 966 3223 enim
1028 3159 1099 3222 in
1161 3180 1237 3225 co
1302 3159 1574 3244 periculi
1633 3166 1861 3246 posset
1913 3161 2148 3248 esseP),
2213 3162 2339 3228 sed

310 3266 506 3311 causa
541 3248 685 3311 erat
717 3246 939 3311 iudicii
973 3247 1369 3331 postulandi,
1414 3248 1586 3332 quod
1621 3271 1700 3314 ex
1736 3249 1946 3316 edicto
1991 3250 2336 3337 professus

308 3352 441 3396 non
477 3337 666 3397 esset.
746 3332 1063 3399 Iudicium
1105 3339 1326 3401 autem
1372 3336 1544 3419 quod
1586 3335 1785 3401 fuerit
1828 3338 1958 3403 isto
2004 3342 2337 3424 praetore,
2365 3360 2418 3401 ss

313 3417 396 3496 si,
453 3439 617 3500 quae
671 3421 905 3487 cohors
961 3426 1028 3487 et
1082 3423 1192 3506 qui
1242 3424 1590 3490 comitatus
1635 3424 1859 3510 fuerit,
1912 3425 2338 3512 meministis,

313 3501 475 3565 scire
531 3503 798 3572 debetis.
888 3508 1056 3584 Quid
1109 3511 1315 3594 igitur
1368 3516 1494 3596 est,
1560 3513 1731 3596 quod
1784 3535 1863 3580 cx
1915 3515 2038 3580 hac
2090 3514 2341 3599 iniqui·
