2566 4016
367 216 499 281 466
970 215 1050 269 IN
1089 214 1145 270 C.
1174 212 1485 270 VERREM
1521 213 1676 270 ACT.
1715 216 1783 271 II.

262 356 350 422 39
369 359 561 423 istius
616 358 885 424 audacia
937 359 1302 424 tenebatur.
1391 356 1606 422 Homo
1653 357 1893 423 certior
1935 354 2015 422 fit
2058 357 2170 443 agi
2215 359 2399 425 nihil

367 447 438 511 in
454 446 599 511 foro
620 450 686 511 et
705 450 1025 512 conventu
1043 450 1187 512 toto
1208 445 1310 510 die
1336 445 1467 510 nisi
1491 445 1634 529 hoc,
1663 446 1886 531 quaeri
1914 467 1990 510 ex
2016 446 2401 532 nauarchis,

370 555 563 618 quem
618 534 700 599 ad
753 536 1017 600 modum
1062 534 1292 600 classis
1340 534 1427 598 sit
1473 534 1742 635 aomissa3
1794 534 1947 598 illos
1991 535 2400 618 respondere

369 626 438 687 et
495 622 722 688 docere
774 640 974 688 unum
1029 643 1373 706 quemque,
1434 622 1743 687 missione
1796 621 2145 708 remigum,
2208 622 2399 688 fame

368 700 793 795 reliquorum,
837 709 1203 776 Cleomenis
1247 709 1483 774 timore
1527 713 1596 775 et
1637 709 1813 796 fuga.
1895 708 2080 793 Quod
2124 714 2399 794 postea-
2426 727 2453 769 ⁵

370 821 567 883 quam
636 799 763 863 iste
829 799 1162 885 cognovit,
1231 797 1400 864 hanc
1461 792 1785 863 rationem
1845 797 2086 862 habere
2149 800 2400 883 eoepit.

371 885 649 952 Causam
688 886 817 951 sibi
852 887 1189 953 dicendam
1231 904 1375 951 esse
1420 888 1744 951 statuerat
1784 884 1922 950 iam
1969 889 2137 970 ante,
2187 908 2401 970 quam

366 974 500 1041 hocs
553 995 675 1038 usu
737 975 943 1057 venit,
1005 975 1102 1040 ita
1162 977 1238 1039 ut
1299 974 1515 1057 ipsum
1577 974 1793 1058 priore
1858 973 2112 1039 actione
2171 973 2401 1040 dicere

367 1061 661 1129 audistis.
729 1061 1014 1128 Videbat
1054 1062 1189 1127 illis
1233 1061 1580 1127 nauarchis
1625 1061 1906 1126 testibus
1953 1065 2217 1127 tantum
2262 1063 2402 1130 hoc

366 1150 611 1215 crimen
682 1151 999 1216 sustinere
1071 1172 1140 1216 se
1204 1138 1389 1215 ιιιι110
1452 1148 1644 1214 modo
1708 1168 1920 1234 posse.
2019 1142 2401 1217 Consilium
2428 1171 2472 1210 ιο

266 1250 365 1300 102
394 1239 573 1325 capit
593 1239 825 1341 primo·
834 1239 1127 1323 stultum,
1153 1254 1379 1304 verum
1403 1241 1625 1303 tamen
1651 1237 1952 1302 clemens,
1995 1235 2061 1302 N
2062 1239 2399 1305 anarchos

369 1326 451 1391 ad
496 1349 565 1391 se
610 1327 830 1392 vocari
874 1327 1081 1410 iubet3
1134 1318 1420 1392 veniunt.
1501 1325 1787 1391 Accusat
1833 1347 1970 1407 eos,
2023 1325 2200 1410 quod
2249 1328 2399 1392 eius

365 1414 539 1479 modi
576 1414 654 1478 de
692 1437 761 1480 se
799 1434 1126 1480 sermones
1163 1413 1540 1497 habuerint3
1582 1416 1795 1499 rogat,
1841 1417 1916 1477 ut
1949 1413 2019 1478 in
2054 1435 2174 1478 sua
2215 1417 2401 1498 quis·

365 1516 490 1584 que
519 1501 693 1566 dicat
726 1502 879 1566 navi
917 1523 987 1566 se
1022 1505 1279 1566 tantum
1317 1501 1624 1566 habuisse
1659 1505 2024 1585 nautarum,
2062 1507 2397 1585 quantum

364 1588 748 1673 oportuerit,
780 1608 988 1672 neque
1024 1606 1417 1673 quemquam
1454 1610 1596 1654 esse
1631 1588 1988 1654 dimissum.
2057 1589 2172 1653 Illi
2212 1592 2397 1657 enim
2424 1610 2465 1651 ιε

363 1694 520 1741 vero
576 1694 645 1741 se
700 1677 1076 1760 ostendunt,
1139 1676 1313 1761 quod
1363 1677 1593 1761 vellet,
1651 1698 1792 1742 esse
1846 1677 2154 1742 facturos
2252 1679 2398 1746 Iste

363 1784 498 1830 non
549 1765 1012 1850 procrastinat,
1068 1764 1342 1831 advocat
1395 1765 1637 1830 amicos
1694 1765 1946 1849 statim3
2001 1767 2268 1848 quaerit
2316 1790 2399 1833 ex

363 1852 446 1917 iis
519 1853 934 1939 singillatim,
1003 1857 1166 1954 quot
1233 1853 1504 1937 quisque
1573 1857 1809 1933 nautas
1880 1853 2395 1938 habuerit31e-

365 1940 630 2026 spondit
690 1963 855 2006 unus
920 1941 1216 2027 quisque,
1278 1944 1356 2006 ut
1418 1944 1560 2006 erat
1614 1944 2060 2027 praeceptum3
2122 1942 2262 2007 iste
2325 1945 2398 2010 in

363 2030 627 2095 tabulas
689 2030 917 2113 refert,
980 2030 1320 2131 obsignat
1352 2030 1558 2116 signis
1618 2031 1971 2095 amicorum
2029 2032 2395 2115 providens
2418 2050 2462 2091 n

363 2118 590 2201 homo,
641 2121 720 2183 ut
770 2122 1001 2183 contra
1052 2117 1178 2183 hoc
1231 2118 1503 2201 crimen,
1550 2118 1613 2183 si
1668 2118 1924 2202 quando
1975 2139 2138 2204 opus
2192 2127 2398 2207 emt,

261 2216 362 2268 103
390 2205 515 2284 hac
531 2168 831 2272 videlieet
857 2205 1315 2272 testificatione
1341 2209 1650 2271 uteretur.
1693 2205 1998 2271 Derisum
2026 2227 2170 2271 esse
2193 2210 2398 2277 credo

363 2281 697 2359 hominem
752 2297 1075 2359 amentem
1132 2316 1173 2359 a
1226 2294 1360 2360 suis
1416 2283 1841 2359 consiliariis
1862 2298 1929 2359 et
1973 2294 2399 2363 admonitum

363 2381 561 2446 hasce
599 2382 661 2445 ei
694 2381 956 2446 tabulas
992 2381 1159 2445 nihil
1195 2382 1592 2484 profuturas,
1637 2382 1839 2448 etiam
1873 2381 2024 2466 plus
2062 2402 2140 2447 ex
2178 2385 2399 2451 nimia

361 2468 685 2551 praetoris
723 2468 1065 2554 diligentia
1102 2469 1488 2554 suspicionis
1525 2470 1595 2534 ιιι
1630 2491 1705 2535 eo
1752 2469 2019 2536 crimine
2062 2469 2397 2539 futurum.
2421 2490 2468 2532 ns

362 2554 506 2620 Iam
558 2555 686 2621 iste
741 2560 883 2620 erat
933 2556 1058 2621 hae
1108 2557 1395 2622 stultitia
1438 2557 1664 2622 multis
1707 2556 1778 2622 in
1822 2558 2016 2624 rebus
2063 2579 2259 2645 usus,
2316 2566 2401 2629 nt

361 2642 621 2729 publice
696 2665 975 2728 quoque,
1045 2661 1212 2729 quae
1281 2646 1509 2729 vellet,
1577 2646 1648 2709 ιιι
1715 2645 1970 2711 litteras
2034 2646 2402 2716 civitatum

359 2732 540 2816 [tolli
594 2734 686 2813 et]
740 2732 969 2797 referri
1021 2733 1298 2815 iuberet3
1353 2754 1517 2817 quae
1569 2734 1788 2798 omnia
1829 2752 2001 2801 nunc
2043 2734 2403 2824 intellegit

357 2821 492 2886 ‘sibi
527 2820 694 2885 nihil
730 2809 1055 2905 prodesse,
1089 2825 1519 2905 posteaquam
1543 2821 1749 2886 certis
1787 2822 2046 2906 litteris,
2092 2825 2401 2892 testibus

256 2905 348 2972 40
368 2908 994 2993 auctoritatibusque
1033 2909 1454 2975 convincitur.
1524 2907 1658 2973 Ubi
1699 2909 1827 2975 hoc
1868 2909 2063 2993 videt,
2108 2910 2401 2981 illorum
2422 2930 2466 2970 ί·

361 2996 853 3081 confessionem,
897 2996 1422 3063 testificationem
1460 3015 1661 3081 suam,
1705 2998 1989 3063 tabellas
2016 2998 2158 3063 sibi
2196 3002 2401 3071 nullo

259 3125 269 3134 ·
364 3084 735 3162 adiumento
788 3085 1073 3168 futuras,
1126 3085 1251 3149 init
1306 3084 1645 3150 consilium
1696 3106 1832 3151 non
1882 3086 2146 3170 inprobi
2200 3111 2401 3173 prae·

361 3173 526 3239 toris
582 3161 764 3259 (nam
809 3173 879 3238 id
924 3135 1183 3258 quidem
1228 3176 1404 3238 esset
1444 3172 1830 3258 ferendum),
1883 3174 1994 3238 sed
2037 3173 2401 3258 inportuni

362 3265 559 3345 atque
588 3261 865 3327 amentis
891 3262 1182 3363 tyranni3
1218 3261 1471 3345 statuit,
1507 3262 1564 3325 si
1599 3261 1724 3327 hoc
1760 3262 2003 3328 crimen
2038 3266 2399 3333 extenuari

362 3350 563 3414 vellet
634 3349 818 3436 (nam
890 3350 1153 3415 omnino
1215 3349 1369 3415 tolli
1426 3367 1642 3451 posse·
1681 3371 1814 3415 non
1878 3349 2462 3452 arbitrabatur),-

361 3436 725 3502 nauarchos
790 3438 1028 3521 omnis,
1086 3438 1278 3502 testis
1342 3438 1445 3502 sui
1509 3438 1798 3521 sceleriS,
1858 3438 1997 3503 vita
2051 3459 2204 3505 esse
2262 3445 2401 3528 pri·

261 3529 363 3579 104
398 3522 661 3588 vandos.
743 3522 1138 3591 Occurrebat
1180 3525 1301 3591 illa
1335 3525 1531 3593 ratio:
1584 3525 1783 3602 Quid
1829 3524 2180 3593 Cleomene
2229 3530 2400 3598 fiet?
