2566 4016
350 198 484 262 430
942 194 1022 249 IN
1060 193 1120 252 C.
1155 192 1464 248 VERREM
1498 192 1656 250 ACT.
1694 193 1765 248 11.

351 340 456 408 Μ’.
482 338 783 424 Aquilius
822 338 1119 424 confecit,
1165 338 1257 403 sic
1303 337 1686 421 accepimuS,
1729 336 1986 402 nullum
2029 335 2101 400 in
2148 333 2382 402 Sicilia

349 428 779 515 fugitivorum
816 426 1063 492 bellum
1108 424 1343 491 fuisse:
1391 425 1486 490 At
1531 426 1602 490 in
1646 425 1846 491 Italia
1888 424 2043 489 fuit·
2109 421 2381 509 Fateor,

353 521 420 583 et
464 538 776 603 magnum
821 515 1077 601 quidem
1127 536 1202 580 ac
1245 513 1610 580 vehemens.
1692 511 1870 577 Num
1915 512 2122 598 igitur
2169 533 2251 576 ex
2301 533 2382 578 eo

351 606 529 671 bello
584 608 841 690 partem
895 603 1181 688 aliquam
1236 602 1448 667 laudis
1495 601 1798 686 adpetere
1844 600 2146 667 conaris?
2209 622 2384 666 num

352 694 478 759 tibi
530 692 710 758 illius
762 691 1075 758 victoriae
1132 690 1413 776 gloriam
1468 712 1615 755 cum
1668 688 1756 754 Μ.
1798 687 2035 757 Crasso
2092 691 2208 753 aut
2260 687 2382 754 Cn.
2411 708 2438 749 5

351 781 663 867 Pompeio
738 779 1276 845 communicatam
1342 779 1583 863 putas?
1679 777 1832 843 Non
1897 775 2183 842 arbitror
2248 777 2386 843 hoc

355 871 562 936 etiam
589 872 741 933 tuae
779 866 1001 932 deesse
1036 866 1471 951 inpudentiae,
1514 869 1591 931 ut
1628 865 1972 950 quicquam
2009 864 2147 929 eius
2193 865 2387 930 modi

354 959 564 1023 dicere
593 955 848 1021 audeas.
903 953 1240 1020 Obstitisti
1274 954 1594 1037 videlicet,
1629 975 1711 1018 ne
1750 975 1827 1018 ex
1854 952 2052 1018 Italia
2085 954 2387 1018 transire

351 1047 424 1112 in
458 1043 748 1110 Siciliam
792 1043 1222 1130 fugitivorum
1268 1042 1492 1127 copiae
1535 1045 1822 1126 possent.
1893 1039 2044 1124 Ubi,
2091 1041 2386 1126 quand0,

355 1156 484 1219 qua
546 1154 625 1198 ex
682 1132 912 1217 parte?
985 1153 1132 1198 cum
1197 1135 1312 1197 aut
1373 1131 1626 1196 ratibus
1684 1134 1799 1195 aut
1851 1129 2128 1194 navibus
2183 1151 2385 1195 cona·
2412 1148 2454 1189 ιο

352 1226 579 1288 rentur
642 1219 984 1287 accedere?
1082 1217 1223 1284 Nos
1289 1219 1461 1284 enim
1513 1218 1680 1283 nihil
1735 1239 2046 1301 umquam
2097 1238 2385 1302 prorsus

353 1309 745 1393 audivimuS,
797 1308 910 1374 sed
954 1307 1119 1373 illud
1163 1306 1552 1391 audivimus,
1604 1305 1691 1372 M.
1729 1303 1976 1391 Crassi,
2022 1303 2388 1371 fortissimi

351 1397 495 1481 viri,
539 1397 784 1463 virtute
824 1395 1224 1478 consilioque
1267 1395 1534 1479 factum,
1579 1416 1661 1459 ne
1706 1395 1960 1459 ratibus
2006 1393 2385 1460 coniunctis

350 1486 521 1550 freto
574 1482 841 1569 fugitivi
895 1482 978 1547 ad
1030 1481 1399 1548 Messanam
1453 1482 1734 1548 transire
1785 1484 2079 1566 possent,
2146 1503 2186 1547 a
2248 1504 2384 1568 quo
2492 1498 2493 1523 ³

351 1573 453 1637 illi
516 1574 754 1636 conatu
812 1591 956 1635 non*
1003 1573 1192 1635 tanto
1249 1591 1445 1655 opere
1497 1570 1887 1655 prohibendi
1940 1569 2258 1656 fuissent,
2325 1571 2386 1637 si
2410 1588 2451 1629 ιε»
2492 1544 2493 1615 l

351 1661 491 1725 ulla
542 1659 613 1725 in
659 1657 882 1724 Sicilia
932 1658 1258 1745 praesidia
1313 1659 1396 1723 ad
1448 1658 1715 1724 illorum
1770 1657 2122 1723 adventum
2174 1679 2386 1744 oppo-

282 1763 315 1813 6
354 1749 483 1815 sita
534 1750 937 1833 putarentur.
1017 1744 1111 1811 At
1164 1764 1312 1813 cum
1366 1750 1539 1811 esset
1581 1746 1651 1812 in
1693 1745 1892 1811 Italia
1934 1745 2186 1811 bellum
2238 1751 2387 1813 tam

233 1916 263 1948 ·
350 1859 659 1991 ξέἑῖξὲἶ
696 1833 981 1991 ,ῗῗῗὲῖ
1033 1834 1405 1988 fffissffissn
1427 1833 1690 2007 ᾳῗέἓῗῖἓ
1728 1856 1885 1987 εἲῗῖ
1903 1833 2129 1987 affin
2174 1833 2388 1988 132³?
2492 1948 2493 1953 κ

274 2020 315 2085 3
353 2014 551 2097 vallo,
594 2034 748 2097 pars
787 2012 923 2078 eius
959 2012 1121 2077 belli
1154 2013 1226 2076 in
1260 2011 1525 2077 Italiam
1563 2012 1698 2077 ulla
1733 2011 2039 2095 pervasit.
2101 2010 2386 2079 Etenim
2407 2031 2446 2072 a

353 2102 807 2187 propinquitas
845 2102 1137 2167 locorum
1173 2100 1257 2165 ad
1293 2103 1509 2165 utram
1553 2103 1808 2184 partem
1853 2100 1979 2165 hoc
2025 2100 2172 2165 loco
2224 2123 2387 2187 pro-

351 2189 603 2255 fertur?
648 2192 869 2254 utrum
897 2188 1145 2254 aditum
1172 2188 1431 2253 facilem
1459 2188 1760 2253 hostibus
1791 2209 1875 2252 an
1910 2187 2388 2273 contagionem

352 2276 655 2343 imitandi
697 2276 859 2341 belli
902 2276 1335 2361 periculosam
1379 2275 1626 2341 fuisse?
1707 2274 1946 2340 Aditus
1994 2275 2214 2341 omnis
2267 2278 2388 2344 ho·

354 2365 637 2431 minibus
676 2364 816 2429 sine
851 2364 990 2428 ulla
1024 2364 1341 2430 facultate
1376 2364 1639 2430 navium
1673 2384 1808 2429 non
1850 2363 2043 2429 modo
2092 2363 2388 2433 disiunc-
2492 2437 2493 2444 χ

352 2456 488 2536 tus,
544 2450 658 2516 sed
712 2452 910 2517 etiam
964 2450 1223 2517 clausus
1277 2456 1405 2536 est,
1457 2456 1533 2517 ut
1576 2451 1739 2536 illis,
1795 2451 2047 2536 quibus·
2074 2449 2387 2521 Siciliam
2410 2470 2451 2513 a

353 2538 787 2625 propinquam
843 2538 1044 2605 fuisse
1099 2539 1287 2624 dicis,
1343 2539 1596 2606 facilius
1650 2538 1849 2605 fuerit
1902 2539 1984 2605 ad
2040 2538 2390 2610 Oceanum

283 2642 314 2699 ⁷
352 2627 689 2714 pervenire
762 2650 958 2712 quam
1031 2628 1114 2692 ad
1182 2627 1549 2693 Peloridem
1623 2628 1936 2694 accedere.
2045 2627 2388 2717 Contagio

355 2720 574 2783 autem
627 2716 756 2782 ista
811 2716 1067 2781 servilis
1121 2716 1282 2781 belli
1337 2738 1452 2782 cur
1498 2717 1616 2782 abs
1661 2720 1728 2781 te
1773 2716 1993 2801 potius
2040 2737 2253 2800 quam
2303 2720 2389 2787 ab

353 2806 435 2870 iis
474 2804 792 2889 omnibus,
841 2804 952 2889 qui
992 2808 1239 2870 ceteras
1285 2804 1653 2889 provincias
1701 2803 2141 2888 obtinuerunt,
2187 2829 2388 2892 prae·

354 2893 648 2959 dicatur?
696 2914 782 2958 an
809 2892 982 2978 quod
1006 2893 1078 2957 in
1104 2890 1329 2958 Sicilia
1353 2892 1484 2958 iam
1515 2896 1707 2958 antea
1733 2892 1913 2958 bella
1936 2891 2389 2978 fugitivorum
2410 2911 2449 2953 ⁸⁸

351 2981 658 3047 fuerunt?
757 2980 852 3046 At
916 3003 993 3046 ea
1044 2980 1190 3065 ipsa
1243 3002 1440 3047 causa
1494 2985 1621 3066 est,
1684 3002 1797 3047 cur
1848 2980 1980 3045 ista
2031 2983 2389 3067 provincia

353 3070 625 3136 minimo
678 3069 749 3135 in
800 3068 1089 3153 periculo
1144 3068 1232 3134 sit
1286 3072 1354 3133 et
1404 3068 1622 3134 fuerit.
1709 3066 1883 3134 Nam
1936 3072 2389 3157 posteaquam

352 3158 535 3225 illinc
586 3155 692 3223 Μ’.
736 3157 1040 3242 Aquilius
1096 3156 1397 3241 decessit,
1462 3157 1748 3223 omnium
1805 3156 2114 3224 instituta
2174 3163 2389 3246 atque

353 3246 566 3313 edicta
612 3249 990 3330 praetorum
1033 3243 1298 3311 fuerunt
1343 3245 1480 3311 eius
1526 3244 1731 3329 modi,
1782 3248 1858 3310 ut
1899 3266 1982 3311 ne
2029 3246 2178 3330 quis
2232 3271 2386 3315 cum
2492 3269 2493 3292 ¹

351 3335 487 3398 telo
535 3355 759 3400 servus
807 3338 996 3400 esset.
1077 3332 1286 3399 Vetus
1334 3338 1451 3419 est,
1497 3333 1668 3418 quod
1713 3332 1944 3418 dicam,
1987 3336 2055 3398 et
2097 3341 2388 3421 propter
2408 3349 2445 3393 ³

354 3422 771 3487 severitatem
826 3422 1106 3507 exempli
1156 3422 1403 3488 nemini
1454 3420 1735 3487 fortasse
1785 3424 2078 3487 vestrum
2123 3421 2388 3490 inaudi-

352 3509 521 3590 tum,
582 3508 655 3572 L.
704 3508 1069 3575 Domitium
1131 3515 1502 3593 praetorem
1562 3510 1634 3575 in
1692 3507 1938 3595 Sicilia,
2001 3531 2152 3576 cum
2220 3533 2389 3600 aper
