2566 4016
2205 948 2254 961 ..a

781 987 873 1064 M.
930 987 1216 1060 TULLI
1270 987 1765 1063 CICERONIS

310 1149 787 1238 ACTIONIS
850 1151 971 1243 IN
1036 1150 1121 1236 C.
1187 1151 1628 1236 VERREM
1693 1151 2246 1239 SECUNDAE
2353 1242 2360 1250 ,

964 1296 1186 1350 LIBER
1223 1297 1600 1354 SECUNDUS

689 1403 809 1471 DE
856 1403 1340 1470 PRAETURA
1386 1403 1865 1474 SICILIENSI.

495 1685 1206 1753 ARGUMENTUM
1250 1686 2067 1756 PSEUDO-ASCONI.

404 1807 562 1861 Haec
599 1807 717 1861 sine
745 1807 916 1861 dubio
947 1808 1021 1861 ad
1049 1807 1466 1862 accusationem
1491 1808 1771 1878 propositi
1798 1809 2043 1863 criminis
2074 1811 2294 1878 spectat

268 1877 466 1932 orati0.
546 1876 696 1930 Nam
741 1877 1024 1947 superiore
1071 1880 1202 1932 ante
1249 1880 1410 1932 actae
1459 1894 1548 1932 res
1599 1880 1729 1932 sunt
1778 1878 2091 1948 expositae,
2146 1896 2291 1947 quae

266 1946 2291 2074 {³11¹³{nnssffifissfflffiffitaffl³335&ssssafficigffissffiffifflssffffig‘

263 2090 467 2158 rantis,
515 2105 657 2158 quae
703 2089 905 2143 Verres
943 2092 1228 2158 quaestor,
1274 2104 1419 2157 quae
1454 2106 1557 2158 pro
1594 2090 1916 2157 quaestore,
1954 2106 2099 2157 quae
2136 2091 2291 2160 lega-

264 2164 383 2228 tus,
439 2176 581 2228 quae
636 2158 876 2227 denique
937 2162 1166 2229 praetor
1218 2160 1465 2214 urbanus
1517 2159 1820 2214 admiserit.
1900 2158 2010 2214 Ubi
2060 2163 2292 2215 ventum

267 2234 355 2285 est
401 2231 475 2283 ad
521 2246 748 2284 causam
793 2229 975 2298 ipsam
1027 2233 1085 2284 et
1130 2229 1448 2285 Siciliensis.
1492 2230 1751 2298 crimina,
1806 2232 2073 2299 quattuor
2116 2231 2291 2285 libros

267 2298 471 2366 edidit,
521 2316 694 2353 unum
732 2300 800 2353 de
838 2300 974 2355 iuris
1012 2301 1281 2370 dictione,
1330 2301 1570 2355 alterum
1606 2302 1675 2355 de
1710 2301 2016 2370 frumento,
2061 2301 2292 2356 tertium

267 2371 336 2424 de
376 2369 569 2439 signis,
607 2371 870 2439 quartum
905 2372 975 2425 de
1013 2371 1321 2441 suppliciiS,
1357 2372 1418 2425 in
1453 2389 1565 2440 qua
1592 2371 1985 2426 distributione
2012 2389 2126 2427 non
2153 2373 2292 2427 ordo

265 2442 553 2510 temporis,
592 2442 691 2496 sed
725 2440 1038 2496 facinorum
1074 2459 1282 2511 genera
1319 2445 1377 2496 et
1410 2444 1697 2497 momenta
1731 2444 1955 2497 servata
1992 2447 2137 2497 sunt.
2202 2443 2291 2496 In-

265 2511 406 2580 cipit
450 2514 639 2567 autem
686 2529 722 2567 a
765 2512 933 2566 laude
980 2512 1205 2568 Siciliae
1252 2515 1312 2567 et
1356 2528 1385 2566 e
1457 2513 1640 2567 editur
1695 2513 1769 2567 ad
1822 2513 2032 2568 crimen
2076 2512 2291 2581 Dionis,

265 2582 466 2637 deinde
506 2582 731 2652 Sosippi
781 2584 839 2635 et
874 2582 1227 2640 Philocratis.
1304 2582 1374 2635 Se
1460 2583 1529 2636 de
1573 2581 1695 2637 iure
1735 2582 2047 2637 Siculorum
2097 2600 2290 2638 everso

263 2652 474 2705 frustra
509 2654 739 2720 quidam
766 2651 1091 2707 Ciceronem
1125 2652 1556 2723 reprehendunt,
1594 2652 1743 2721 quod
1777 2669 1892 2707 non
1926 2652 2056 2706 inde
2095 2669 2292 2722 coepe-

265 2720 358 2786 rit,
396 2737 523 2772 cum
561 2723 849 2801 superiora
884 2724 1120 2778 crimina
1154 2740 1268 2777 non
1304 2725 1512 2792 egeant
1547 2723 1666 2776 eius
1702 2723 1856 2776 modi
1892 2724 2156 2790 tractatu,
2194 2724 2292 2790 qui

268 2789 343 2841 ad
380 2794 674 2856 sequentia
709 2791 969 2860 pertinet,
1009 2797 1068 2847 et
1104 2792 1342 2848 oratoris
1380 2792 1616 2858 consilio
1653 2809 1689 2847 a
1722 2793 1945 2861 magnis
1980 2792 2289 2860 iisdemque

267 2858 594 2913 clarioribus
652 2862 978 2915 sumendum
1028 2867 1177 2918 esset
1230 2864 1533 2917 exordium.
1607 2863 1801 2929 Itaque
1838 2864 1969 2931 post
2003 2863 2111 2915 hoc
2146 2868 2183 2928 †
2221 2862 2291 2915 de

264 2928 519 2983 merodio
558 2930 832 2998 expressis
867 2932 1173 2988 honoribus
1213 2935 1287 2988 ab
1322 2932 1529 2998 invitis,
1568 2933 1638 2986 de
1665 2931 1929 3001 Epicrate
1958 2931 2159 2985 Bidino
2197 2932 2291 2985 de-

264 3017 371 3068 que
408 2999 574 3053 rebus
610 2999 964 3069 capitalibus,
1003 3004 1072 3057 de
1101 3003 1360 3073 Sopatro,
1399 3003 1466 3056 de
1497 3002 1747 3069 Sthenio,
1786 3003 1854 3055 de
1882 3002 2002 3055 iure
2032 3001 2291 3056 dicundo.

264 3072 523 3125 Alterum
561 3071 629 3123 de
669 3072 1035 3138 senatoribus,
1075 3074 1142 3128 de
1181 3073 1591 3140 sacerdotibus,
1644 3073 1712 3126 de
1750 3072 2071 3125 censoribus
2108 3072 2291 3140 pretio

264 3158 301 3195 a
335 3143 510 3197 Verre
547 3140 733 3206 factis,
771 3141 840 3196 de
879 3143 1178 3197 collatione
1215 3143 1274 3197 in
1314 3145 1555 3211 statuas,
1595 3143 1663 3196 de
1741 3141 2127 3197 ublicanorum
2163 3158 2291 3195 cum

264 3212 436 3267 Verre
493 3211 887 3268 convenientia
940 3212 999 3266 in
1052 3213 1243 3281 furtis,
1300 3215 1367 3267 de
1418 3213 1628 3266 tabulis
1725 3210 1971 3280 arpinati
2023 3211 2334 3282 pecunias,

264 3281 454 3337 Verris
495 3280 968 3338 extraordinarias
1022 3283 1453 3344 continentibus.
1528 3282 1713 3336 Genus
1761 3297 1961 3336 causae
2006 3281 2067 3336 in
2113 3282 2290 3338 omni·

262 3352 366 3408 bus
377 3353 743 3409 Verrinarum
761 3352 922 3407 libris
948 3352 1298 3407 admirabile.
1338 3352 1528 3407 Status
1547 3349 1938 3423 principaliter
1952 3351 2293 3410 coniectura.

1034 3649 1558 3773 μς,μιΜΟμεΑψ

1119 3778 1466 3823 OXFOHD
1597 3847 1602 3850 ,

1024 3871 1584 3971 QLJSE-Uffis‘
