2566 4016
768 232 902 287 LIB.
935 233 1012 289 IV
1064 232 1216 288 CAP.
1249 240 1389 289 8-26
1426 239 1457 299 ξ
1495 240 1685 290 6-11.
2110 234 2242 298 367

220 399 412 444 omne
447 381 813 464 argentum,
854 398 1099 460 aurum,
1137 377 1315 462 ebur,
1363 399 1654 464 gemmas
1692 381 2030 461 coemeret,
2073 377 2242 444 nihil

221 467 522 551 cuiquam
576 466 999 550 relinqueret!
1078 466 1256 530 Haec
1315 467 1486 531 enim
1541 467 1700 531 mihi
1747 467 1828 531 ad
1875 469 2092 532 omnia
2138 469 2244 532 de-

218 555 425 620 fensio
463 554 759 640 patefieri
802 554 1082 638 videtur,
1129 555 1381 620 emisse.
1461 555 1781 638 Primum,
1827 555 1887 619 si
1929 555 2022 639 id,
2068 556 2242 637 quod

219 644 347 728 vis,
401 643 526 707 tibi
581 664 702 729 ego
759 643 1131 725 concedam,
1184 648 1258 707 ut
1315 643 1570 727 emeris,
1625 643 1933 727 quoniam
1982 644 2051 708 in
2096 649 2241 708 toto

165 749 193 792 5
219 732 344 798 hoc
410 753 642 818 genere
705 731 828 796 hac
890 754 1019 796 una
1083 731 1452 797 defensione
1515 753 1747 797 usurus
1812 753 1908 815 es,
1983 752 2244 815 quaero,

219 821 400 886 cuius
438 820 614 886 modi
648 823 725 885 tu
765 819 1001 885 iudicia
1045 820 1292 886 Romae
1339 821 1591 905 putaris
1638 842 1798 902 esse,
1844 820 1902 884 si
1945 819 2072 884 tibi
2115 820 2242 885 hoc

221 930 613 993 quemquam
649 929 1100 974 concessurum
1147 910 1419 994 putasti,
1464 915 1531 974 te
1575 909 1647 973 in
1688 914 1997 992 praetura
2044 912 2240 992 atque

218 996 491 1081 imperio
556 1000 660 1062 tot
721 1019 826 1061 res
888 1001 1028 1062 tam
1087 998 1409 1082 pretiosas
1420 1049 1439 1083 ,
1501 1018 1723 1064 omnes
1784 997 2057 1081 denique
2117 1018 2243 1080 res,

221 1107 386 1169 quae
415 1085 686 1151 alicuius
714 1085 910 1170 pretii
936 1086 1196 1170 fuerint,
1232 1090 1378 1151 tota
1406 1109 1483 1152 ex
1515 1085 1848 1170 provincia
1902 1092 2230 1159 coemisse.

138 1191 193 1230 ιο
353 1173 588 1238 Videte
644 1174 961 1240 maiorum
1016 1174 1450 1260 diligentiam,
1507 1174 1619 1258 qui
1669 1173 1990 1238 nihildum
2042 1174 2240 1239 etiam

220 1262 412 1326 istius
484 1262 659 1328 modi
731 1262 1255 1347 suspicabantur,
1325 1285 1548 1328 verum
1610 1266 1835 1327 tamen
1900 1284 2003 1347 ea,
2076 1283 2240 1346 quae

222 1349 441 1433 parvis
478 1350 544 1415 in
585 1351 778 1416 rebus
817 1351 1100 1416 accidere
1137 1354 1463 1435 poterant,
1503 1351 1951 1435 providebant.
2023 1348 2242 1415 Nemi-

220 1460 399 1521 nem,
455 1439 565 1523 qui
621 1462 765 1504 cum
810 1443 1141 1525 potestate
1190 1443 1306 1505 aut
1353 1440 1679 1526 legatione
1725 1440 1796 1503 in
1838 1438 2241 1525 provinciam

222 1530 394 1592 esset
456 1528 785 1613 profectus
796 1579 813 1611 ,
880 1533 1020 1592 tam
1085 1533 1410 1593 amentem
1472 1529 1612 1592 fore
1675 1531 2097 1612 putaverunt,
2166 1531 2242 1591 ut

139 1632 195 1673 15
224 1619 465 1681 emeret
495 1623 837 1703 argentum
868 1616 1174 1701 (dabatur
1211 1617 1383 1682 enim
1424 1617 1500 1681 de
1537 1616 1847 1701 publico),
1882 1620 1961 1681 ut·
1992 1620 2242 1681 vestem

224 1703 685 1789 (praebebatur
731 1706 903 1771 enim
948 1704 1252 1793 legibus),
1298 1705 1692 1789 mancipium
1735 1708 2069 1788 putarunt,
2114 1725 2242 1787 quo

226 1797 294 1856 et
349 1815 572 1859 omnes
628 1795 872 1857 utimur
924 1799 989 1858 et
1033 1817 1166 1860 non
1210 1795 1563 1879 praebetur
1609 1816 1649 1858 a
1692 1792 1964 1878 popu103
2022 1813 2244 1856 sanxe-

226 1882 398 1962 runt,
441 1901 522 1943 ne
567 1881 711 1962 quis
759 1885 1000 1945 emeret
1042 1883 1171 1947 nisi
1216 1883 1289 1946 in
1334 1882 1656 1947 demortui
1702 1882 1935 1946 locum.
2017 1878 2086 1944 Si
2133 1879 2243 1962 qui

226 1967 474 2033 Romae
512 1973 684 2033 esset
719 1967 1136 2036 demortuus?
1208 1969 1437 2055 Immo,
1484 1971 1541 2036 si
1578 1970 1721 2054 quis
1761 1969 2019 2036 ibidem.
2091 1966 2245 2033 Non

143 2072 200 2114 2⁰
228 2058 401 2128 enim
429 2061 497 2122 te
533 2058 852 2122 instruere
890 2057 1153 2121 domum
1189 2062 1372 2123 tuam
1408 2060 1754 2124 voluerunt
1788 2058 1857 2122 in
1894 2057 2245 2142 provincia,

229 2145 341 2210 sed
376 2146 566 2210 illum
604 2167 792 2210 usum
830 2146 1199 2230 provinciae
1245 2147 1565 2230 supplere.
1637 2146 1816 2222 Quae
1859 2146 1986 2211 fuit
2032 2168 2244 2228 causa,

229 2256 342 2299 cur
395 2237 534 2298 tam
591 2233 938 2320 diligenter
988 2255 1108 2299 nos
1165 2234 1234 2298 in
1277 2236 1629 2319 provinciis
1677 2236 1761 2300 ab
1808 2235 2242 2320 emptionibus

226 2322 678 2387 removerent?
748 2323 944 2406 Haec,
979 2322 1239 2406 iudiceS,
1277 2323 1452 2408 quod
1486 2324 1812 2408 putabant
1848 2324 2245 2409 ereptionem

229 2432 395 2494 esse,
465 2433 601 2477 non
664 2412 1083 2498 emptionem,
1146 2433 1295 2477 cum
1357 2414 1680 2478 venditori
1744 2434 1860 2478 suo
1926 2413 2245 2478 arbitratu

143 2515 200 2558 85
225 2501 500 2565 vendere
537 2522 668 2566 non
706 2502 946 2567 liceret.
1017 2499 1097 2565 In
1132 2501 1505 2585 provinciis,
1540 2501 2031 2588 intellegebant,
2079 2501 2134 2567 si
2168 2501 2246 2585 is,

229 2590 339 2672 qui
379 2593 551 2653 esset
587 2612 733 2655 cum
769 2588 1042 2675 imperio
1082 2611 1157 2654 ac
1202 2594 1549 2675 potestate,
1596 2590 1767 2674 quod
1812 2590 1983 2674 apud
2033 2610 2248 2674 quem-

229 2697 352 2758 que
390 2681 580 2760 esset,
626 2699 835 2742 emere
871 2678 1073 2743 vellet
1108 2677 1301 2762 idque
1339 2679 1400 2743 ei
1441 2679 1683 2762 liceret,
1728 2677 1868 2742 fore
1914 2678 2029 2760 uti,
2076 2676 2248 2760 quod

230 2763 500 2847 quisque
536 2765 753 2848 vellet,
795 2766 930 2831 sive
967 2770 1140 2831 esset
1175 2766 1405 2831 venale
1443 2766 1578 2831 sive
1615 2788 1749 2831 non
1784 2769 1975 2848 esset,
2021 2764 2250 2848 quanti

229 2851 456 2933 vellet,
504 2851 803 2917 auferret.

142 2957 201 2999 so
359 2939 554 3005 Dicet
607 2940 868 3022 aliquis:
924 2938 1113 3005 ‘Noli
1165 2940 1297 3006 isto
1353 2941 1546 3005 modo
1594 2955 1788 3027 agere
1834 2963 1981 3006 cum
2025 2938 2249 3024 Verre,

225 3028 366 3094 noli
402 3028 537 3093 eius
584 3027 761 3092 facta
805 3028 887 3092 ad
934 3028 1239 3111 antiquae
1283 3028 1621 3114 religionis
1668 3029 1987 3094 rationem
2035 3028 2248 3111 exqui-

226 3139 397 3201 rere3
433 3116 724 3200 concede,
761 3119 835 3180 ut
862 3115 1125 3199 impune
1163 3117 1411 3200 emerit,
1448 3117 1639 3182 modo
1675 3121 1751 3182 ut
1788 3117 1962 3183 bona
1996 3116 2247 3182 ratione

229 3206 485 3290 emerit,
529 3204 697 3270 nihil
734 3226 852 3289 pro
898 3208 1253 3290 potestate,
1297 3205 1465 3270 nihil
1512 3206 1594 3270 ab
1640 3206 1876 3290 invito,
1919 3205 2087 3270 nihil
2131 3226 2248 3289 per

227 3294 573 3360 iniuriam?
657 3291 762 3360 Sic
809 3315 1028 3380 agam3
1077 3295 1133 3358 si
1182 3294 1336 3378 quid
1380 3295 1606 3360 venale
1649 3294 1884 3360 habuit
1922 3293 2145 3378 Heius,
2192 3292 2248 3357 si

144 3398 199 3441 8⁵
227 3382 313 3467 id,
361 3384 588 3468 quanti
629 3383 1040 3467 aestimabat,
1084 3383 1256 3449 tanti
1303 3383 1608 3468 vendidit,
1656 3383 1875 3449 desino
1925 3403 2247 3467 quaerere,

229 3493 343 3537 cur
407 3472 655 3537 emeris.
747 3471 915 3548 Quid
967 3472 1171 3559 igitur
1220 3472 1413 3538 nobis
1466 3472 1834 3539 faciendum
1884 3474 2028 3539 est?
2090 3494 2247 3538 num

230 3561 631 3645 argumentis
686 3562 995 3627 utendum
1049 3562 1120 3627 in
1173 3584 1245 3628 re
1297 3562 1433 3627 eius
1481 3563 1700 3628 modi?
1781 3562 2247 3645 Quaerendum,

2275 1143 2324 1268 ξ’

2284 2149 2354 2197 10

2286 3438 2354 3564 {³1
