2566 4016
209 913 273 961 10

211 1966 271 2015 11

309 230 438 293 144
906 226 984 280 IN
1022 224 1079 280 G.
1108 224 1419 280 VERREM
1454 224 1610 279 ACT.
1650 223 1715 277 Π.

307 374 497 438 unius
551 371 866 455 supplicio
922 372 1262 435 contentus
1320 367 1517 432 fuerit
1566 389 1642 433 ac
1684 388 1816 432 non
1860 368 1955 433 sic
2001 368 2325 452 statuerit,

307 483 440 527 non
477 460 678 524 istum
726 456 934 523 maius
979 457 1051 522 in
1094 477 1234 520 sese
1281 456 1492 520 scelus
1539 456 1932 539 concepisse,
1978 477 2127 521 cum
2169 454 2325 521 fama

310 548 635 632 spoliarit,
698 567 842 611 cum
903 548 1005 610 tot
1057 543 1354 608 homines
1409 543 1784 608 innocentes
1839 544 2114 627 necarit,
2180 566 2325 609 cum

310 636 481 701 cives
527 634 858 700 Romanos
913 635 1151 715 morte,
1204 630 1519 714 cruciatu,
1575 652 1761 695 cruce
1812 631 2123 715 affecerit,
2178 655 2324 697 cum

308 722 704 809 praedonum
743 722 937 785 duces
975 722 1239 804 accepta
1275 718 1547 803 pecunia
1585 717 1921 801 dimiserit,
1959 740 2154 803 quam
2194 741 2322 803 eos,
2351 735 2377 780 ⁵

313 812 368 875 si
398 811 508 895 qui
538 811 739 874 istum
774 812 895 891 tot,
931 807 1155 889 tantiS,
1193 810 1332 871 tam
1367 805 1631 870 nefariis
1673 806 2021 871 sceleribus
2059 828 2324 893 cooper-

310 903 452 963 tum
515 897 713 962 iurati
776 896 1098 960 sententia
1152 915 1268 959 sua
1323 894 1709 958 liberarint?
1798 894 1949 960 Non
2003 899 2129 978 est,
2190 916 2325 960 non

312 989 412 1051 est
466 985 535 1050 in
586 984 712 1049 hoc
763 984 1026 1048 homine
1081 983 1383 1065 cuiquam
1437 981 1743 1066 peccandi
1794 983 2002 1066 locus,
2056 983 2322 1066 iudices3

309 1094 443 1138 non
499 1073 556 1136 is
616 1075 718 1137 est
774 1092 950 1154 reus,
1007 1090 1138 1135 non
1196 1069 1264 1133 id
1322 1074 1608 1153 tempus,
1666 1091 1798 1135 non
1855 1070 1923 1134 id
1981 1070 2324 1136 consilium

312 1159 589 1246 (metuo,
641 1181 724 1224 ne
778 1158 933 1243 quid
988 1157 1401 1242 arrogantius
1453 1157 1623 1241 apud
1668 1158 1836 1221 tales
1882 1158 2057 1224 viros
2100 1158 2323 1223 videar
2353 1178 2379 1217 1

311 1247 573 1334 dicere),
617 1268 698 1312 ne
745 1249 927 1312 actor
972 1246 1230 1331 quidem
1275 1248 1378 1310 est
1422 1244 1498 1327 is,
1543 1244 1646 1312 cui
1691 1267 1838 1312 reus
1883 1249 2021 1311 tam
2065 1267 2322 1329 nocens,

312 1341 450 1402 tam
502 1336 820 1420 perditus,
875 1338 1018 1398 tam>
1067 1333 1398 1398 convictus
1455 1336 1569 1397 aut
1622 1334 1867 1398 occulte
1913 1334 2165 1419 subripi
2211 1337 2324 1399 aut

311 1424 550 1508 inpune
606 1422 768 1507 eripi
820 1422 1050 1506 possit.
1137 1420 1260 1485 His
1317 1441 1438 1506 ego
1489 1420 1808 1486 iudicibus
1854 1442 1987 1486 non
2031 1422 2324 1507 probabo

312 1510 380 1576 O.
407 1510 680 1575 Verrem
717 1513 946 1574 contra
982 1508 1160 1594 leges
1197 1508 1536 1592 pecuniam
1573 1508 1866 1592 cepisse?
1910 1510 2324 1574 sustinebunt

310 1599 478 1663 tales
532 1598 658 1662 viri
712 1618 781 1662 se
825 1601 929 1662 tot
975 1596 1413 1680 senatoribus,
1465 1600 1569 1661 tot
1615 1596 1940 1679 equitibus
1987 1597 2322 1681 Romanis,
2352 1616 2404 1657 1⁵

309 1690 415 1751 tot
472 1685 873 1768 civitatibus,
935 1688 1039 1749 tot
1088 1684 1461 1749 hominibus
1515 1684 1995 1749 honestissimis
2052 1708 2129 1750 ex
2182 1689 2323 1750 tam

310 1774 557 1839 illustri
582 1773 933 1858 provincia,
968 1776 1072 1837 tot
1098 1772 1490 1857 populorum
1517 1772 2045 1857 privatorumque
2082 1774 2322 1838 litteris

311 1884 443 1927 non
488 1861 857 1945 credidisse,
902 1864 1127 1925 tantae
1171 1860 1401 1944 populi
1444 1860 1722 1925 Romani
1767 1861 2094 1926 voluntati
2138 1862 2322 1926 resti-

311 1951 513 2017 tisse?
612 1948 1016 2033 Sustineant3
1081 1947 1501 2033 reperiemus,
1570 1947 1628 2013 si
1689 1948 1891 2015 istum
1956 1949 2176 2015 vivum
2241 1949 2324 2015 ad

313 2040 490 2105 aliud
522 2039 830 2105 iudicium
869 2038 1215 2124 perducere
1259 2037 1646 2121 poterimus,
1692 2038 1941 2120 quibus
1969 2039 2320 2121 probemus
2352 2057 2408 2096 ευ

311 2128 511 2192 istum
573 2128 645 2193 in
698 2130 1047 2211 quaestura
1101 2124 1440 2207 pecuniam
1494 2124 1823 2209 publicam
1877 2124 1989 2190 Gn.
2035 2124 2325 2190 Carboni

312 2215 563 2281 consuli
619 2214 840 2278 datam
895 2211 1232 2294 avertisse,
1292 2212 1526 2295 quibus
1575 2213 2074 2297 persuadeamus
2119 2214 2325 2278 istum

313 2303 524 2367 alieno
587 2301 848 2365 nomine
902 2321 943 2365 a
997 2300 1450 2383 quaestoribus
1515 2301 1808 2385 urbanis,
1871 2302 2044 2385 quod
2105 2302 2324 2387 priore

313 2388 567 2454 actione
612 2387 953 2472 didicistis,
1002 2387 1341 2472 pecuniam
1388 2388 1763 2471 abstulisse3
1809 2393 1998 2454 erunt
2044 2390 2156 2474 qui
2202 2392 2323 2471 [et]

310 2477 382 2541 in
436 2496 511 2540 eo
567 2497 821 2560 quoque
871 2474 1205 2542 audaciam
1252 2476 1389 2541 eius
1435 2476 1935 2562 reprehendant,
1992 2477 2164 2562 quod
2208 2477 2323 2543 ali·
2351 2495 2407 2537 85

313 2567 473 2648 quot
506 2564 878 2629 nominibus
917 2564 993 2630 de
1031 2565 1261 2648 capite,
1308 2567 1623 2648 quantum
1660 2564 2067 2630 commodum
2107 2565 2324 2649 fuerit,

310 2652 622 2717 frumenti
685 2653 1019 2718 decumani
1075 2652 1454 2735 detraxerit3
1516 2656 1709 2718 erunt
1772 2653 1971 2718 etiam
2024 2654 2323 2737 fortasse,

313 2741 551 2805 iudices
563 2791 580 2825 ,
631 2741 742 2825 qui
783 2741 972 2806 illum
1018 2740 1154 2805 eius
1200 2741 1572 2823 peculatum
1615 2740 1722 2806 vel
1767 2742 2077 2806 acerrime
2122 2741 2325 2806 vindi·

313 2829 587 2894 candum
606 2832 856 2913 putent,
883 2828 1055 2913 quod
1072 2827 1197 2892 iste
1216 2827 1303 2892 M.
1316 2827 1607 2892 Marcelli
1625 2831 1691 2893 et
1710 2828 1778 2893 Ρ.
1789 2827 2083 2895 Africani
2102 2850 2323 2895 monu-

312 2919 559 3001 menta,
615 2938 779 3000 quae
824 2916 1084 2997 nomine
1128 2915 1421 2998 illorum,
1466 2937 1537 2980 re
1570 2937 1726 2982 vera
1768 2917 1997 3002 populi
2042 2917 2324 2983 Romani
2350 2932 2410 2974 ⁸0

314 3008 379 3068 et
417 3008 602 3069 erant
648 3008 714 3068 et
757 3003 1192 3086 habebantur,
1238 3025 1316 3068 ex
1358 3003 1530 3069 fanis
1575 3004 2085 3091 religiosissimis
2132 3009 2198 3070 et
2244 3026 2325 3069 ex

312 3093 582 3157 urbibus
605 3092 925 3157 sociorum
947 3095 1140 3175 atque
1164 3092 1519 3157 amicorum
1545 3113 1679 3157 non
1707 3093 2024 3158 dubitarit
2052 3093 2323 3158 auferre.

210 3159 276 3283 1}
311 3178 669 3245 Emerserit
733 3202 810 3245 ex
872 3180 1207 3263 peculatus
1264 3180 1463 3245 etiam
1515 3179 1778 3264 iudici03
1842 3180 2190 3246 meditetur
2245 3181 2326 3246 de

314 3268 579 3333 ducibus
606 3267 913 3350 hostium,
951 3288 1111 3352 quos
1141 3271 1406 3353 accepta
1432 3269 1704 3352 pecunia
1731 3269 2051 3347 liberavit,
2087 3269 2326 3353 videat,

314 3355 467 3437 quid
521 3355 598 3419 de
650 3355 783 3420 illis
838 3355 1251 3440 respondeat,
1307 3377 1468 3440 quos
1522 3356 1593 3420 in
1646 3375 1867 3422 eorum
1913 3357 2129 3422 locum
2174 3357 2325 3422 sub·
2352 3373 2409 3415 ³⁵

314 3440 484 3505 ditos
524 3442 697 3506 domi
742 3465 896 3508 suae
942 3444 1316 3527 reservavit,
1363 3448 1632 3527 quaerat
1675 3465 1808 3509 non
1853 3446 2084 3529 solum,
2130 3467 2325 3530 quem

314 3526 396 3591 ad
449 3528 712 3593 modum
766 3536 991 3596 nostro
1046 3531 1325 3616 crimini,
1372 3553 1606 3596 ‘verum
1662 3533 1887 3612 etiam,
1945 3555 2074 3617 quo
2127 3537 2336 3618 pacto·
