2566 4016
177 1501 245 1551 16

177 2559 241 2609 17

204 3431 241 3494 7

285 200 415 266 146
884 198 965 251 m
1004 197 1062 253 3.
1091 196 1402 256 VERREM
1439 198 1599 254 Aer.
1635 198 1703 253 IL

281 344 449 408 nihil
503 347 604 408 est
656 343 817 428 iam,
870 341 1042 427 quod
1094 342 1165 407 in
1212 342 1337 407 hac
1383 363 1578 407 causa
1622 364 1888 426 peccare
1935 343 2319 430 quisquam,

281 432 543 516 iudices,
584 430 714 495 nisi
746 434 966 496 vestro
1001 430 1286 516 periculo
1321 430 1550 513 possit.
1629 430 1778 495 Mea
1823 430 2082 515 quidem
2128 434 2299 500 ratio

284 543 429 586 cum
472 520 543 585 in
586 518 958 603 praeteritis
1003 519 1197 584 rebus
1245 521 1346 583 est
1391 518 1682 604 cognita,
1726 522 1870 584 tum
1913 520 1984 584 in
2028 521 2299 606 reliquis

283 608 623 693 explorata
676 611 874 691 atque
925 607 1189 692 provisa
1243 610 1362 671 est.
1441 606 1588 693 Ego
1634 628 1851 672 meum
1898 608 2186 674 studium
2231 610 2299 675 in

281 718 420 761 rem
473 695 803 780 publicam
855 695 990 760 iam
1042 696 1160 759 illo
1214 698 1509 778 tempore
1564 695 1843 774 ostendi,
1897 718 2044 763 cum
2098 698 2298 783 longo
2349 720 2378 761 5

280 784 629 850 intervallo
701 787 985 848 veterem
1051 782 1580 848 consuetudinem
1641 745 1870 848 13111111
1931 788 1999 849 31
2060 790 2299 872 1333111

284 873 608 938 3331311131
670 876 865 972 atque
928 871 1283 936 amicorum
1344 871 1570 956 populi
1632 870 1935 955 Romani,
2002 895 2297 939 meorum

284 964 503 1025 autem
542 960 1081 1042 necessariorum,
1123 980 1365 1025 nomen
1406 958 1688 1024 hominis
1737 960 2148 1060 audacissimi
2195 962 2296 1027 de·

282 1048 427 1114 tuli.
508 1046 693 1124 Quod
746 1069 965 1113 meum
1016 1047 1265 1113 factum
1313 1047 1655 1113 lectissimi
1699 1047 1827 1113 viri
1871 1051 2064 1133 atque
2110 1071 2294 1114 orna-

282 1136 551 1221 tissimi,
616 1157 743 1220 quo
806 1136 877 1201 in
936 1157 1205 1201 numero
1261 1157 1297 1200 3
1350 1135 1538 1201 vobis
1598 1136 1963 1219 complures
2014 1136 2297 1222 fuerunt,
2324 1160 2376 1201 10

281 1225 379 1290 ita
421 1225 890 1308 probaverunt,
944 1228 1019 1288 ut
1064 1224 1151 1308 31,
1207 1224 1321 1307 qui
1363 1222 1554 1288 istius
1601 1228 1908 1308 quaestor
1951 1224 2184 1291 fuisset
2229 1230 2296 1291 31

284 1313 367 1379 ab
429 1313 561 1378 isto
616 1312 833 1377 laesus
894 1312 1269 1377 inimicitias
1322 1312 1531 1378 1113133
1583 1316 2104 1397 persequeretur,
2166 1335 2301 1380 non

282 1400 476 1466 modo
516 1400 842 1465 deferendi
883 1400 1186 1484 nominis,
1237 1400 1352 1465 sed
1395 1420 1477 1465 ne
1523 1400 1971 1466 subscribendi
2018 1402 2298 1489 quidem,

284 1511 430 1554 cum
481 1488 550 1552 id
604 1489 994 1572 postularet,
1045 1489 1336 1553 facerent
1380 1492 1793 1574 potestatem.
1881 1488 1963 1553 In
2005 1486 2297 1555 Siciliam

284 1598 429 1642 sum
484 1576 851 1660 inquirendi
903 1596 1100 1642 causa
1150 1576 1508 1661 profectus3
1574 1599 1703 1662 quo
1754 1577 1826 1641 in
1876 1579 2143 1664 negotio
2197 1580 2296 1644 in-
2323 1598 2377 1639 ιε

284 1664 602 1729 dustriam
637 1686 851 1730 meam
885 1664 1183 1731 celeritas
1227 1664 1586 1748 reditioniS,
1629 1665 2038 1751 diligentiam
2079 1667 2296 1732 multi-

281 1753 439 1820 tudo
494 1752 865 1818 litterarum
920 1757 985 1816 et
1037 1752 1307 1818 testium
1353 1753 1731 1838 declaravit,
1784 1753 2098 1839 pudorem
2141 1776 2295 1820 vero

283 1864 358 1907 ac
393 1842 802 1927 religionem,
846 1841 1046 1926 quod,
1090 1863 1237 1907 cum
1281 1842 1601 1906 venissem
1647 1845 1911 1906 senator
1957 1842 2039 1908 ad
2085 1844 2294 1909 socios

280 1930 510 2016 populi
542 1929 842 2013 Romani,
889 1930 1000 2014 qui
1038 1930 1109 1994 in
1154 1951 1231 1994 33
1272 1930 1610 2032 provincia
1656 1934 1961 2014 quaestor
2004 1930 2294 2017 fuissem,

283 2019 366 2084 ad
399 2018 693 2103 hospites
730 2039 909 2083 meos
947 2040 1023 2084 ac
1065 2019 1464 2085 necessarios
1509 2039 1741 2084 causae
1785 2020 2141 2085 communis
2190 2020 2294 2085 de-
2321 2040 2379 2081 20

280 2107 502 2172 fensor
538 2107 786 2172 deverti
818 2107 1038 2190 potius
1076 2128 1272 2190 quam
1308 2107 1392 2173 ad
1427 2128 1557 2191 eos,
1602 2107 1714 2191 qui
1750 2131 1789 2172 a
1829 2129 1934 2172 me
1978 2107 2292 2172 auxilium

278 2195 682 2280 petivissent.
745 2193 811 2258 N
812 2193 1218 2259 eminimeus
1256 2195 1569 2260 adventus
1607 2195 1820 2260 labori
1854 2199 1971 2260 aut
2004 2197 2295 2280 sumptui

280 2304 490 2367 neque
525 2280 784 2364 publice
819 2302 1026 2365 neque
1061 2282 1372 2366 privatim
1408 2283 1552 2354 fuit.
1614 2282 1771 2348 Vim
1803 2285 1874 2349 in
1909 2283 2292 2367 inquirendo

279 2374 538 2435 tantam
570 2368 789 2452 habui,
834 2373 1146 2471 quantam
1183 2371 1347 2436 mihi
1391 2372 1496 2436 lex
1542 2371 1759 2455 dabat,
1800 2393 1936 2437 non
1979 2376 2294 2456 quantam

279 2456 521 2522 habere
582 2460 880 2541 poteram
938 2457 1233 2542 ipsorum
1297 2459 1511 2525 studio
1519 2510 1538 2544 ,
1601 2482 1764 2544 quos
1826 2460 1952 2525 iste
2005 2464 2293 2526 vexarat.
2321 2479 2377 2520 25

280 2545 560 2611 Romam
623 2548 699 2610 ut
761 2566 841 2610 ex
902 2543 1126 2612 Sicilia
1184 2547 1375 2630 13(111,
1443 2570 1589 2613 31131
1650 2548 1776 2612 1313
1840 2552 2038 2649 atque
2100 2549 2293 2613 1311113
2342 2590 2349 2595 x

281 2633 500 2718 amici,
552 2633 849 2700 homines
903 2635 1070 2700 lauti
1125 2640 1191 2701 et
1242 2635 1504 2720 urbani,
1558 2656 1887 2701 sermones
1934 2636 2071 2702 eius
2117 2637 2296 2701 modi

280 2722 724 2824 dissipassent,
753 2744 879 2807 quo
905 2723 1156 2788 animos
1178 2722 1447 2789 tes‘tium
1470 2723 1895 2808 retardarent,
1922 2746 2025 2789 me
2052 2746 2296 2810 magna

278 2811 552 2895 pecunia
614 2833 655 2875 a
711 2833 866 2876 vera
929 2811 1337 2877 accusatione
1396 2832 1537 2876 esse
1596 2811 1964 2896 deductum,
2025 2813 2293 2878 tametsi

278 2899 682 3000 probabatur
725 2899 989 2983 1131111111,
1034 2900 1206 2983 quod
1250 2904 1318 2964 et
1363 2920 1441 2963 ex
1482 2897 1704 2965 Sicilia
1745 2905 1948 2964 testes
1997 2905 2183 2966 erant
2226 2900 2294 2985 ii,
2322 2919 2378 2959 so

281 2987 394 3072 qui
430 2990 841 3072 quaestorem
886 3009 990 3052 me
1034 2987 1106 3051 in
1148 2987 1482 3071 provincia
1526 2992 1983 3073 cognoverant,
2030 2993 2096 3053 et
2141 2989 2293 3054 hinc

279 3075 575 3141 homines
623 3074 901 3139 maxime
945 3075 1263 3159 illustres,
1315 3076 1452 3161 qui,
1495 3078 1572 3140 ut
1615 3075 1743 3160 ipsi
1785 3076 1929 3142 noti
1975 3080 2155 3160 sunt,
2199 3077 2296 3142 sic

278 3168 578 3228 nostrum
624 3185 823 3228 unum
868 3185 1185 3248 quemque
1231 3164 1474 3248 optime
1518 3168 1778 3248 norunt,
1822 3168 2044 3230 tamen
2087 3187 2297 3249 usque

282 3272 357 3316 eo
393 3250 604 3334 timui,
647 3273 729 3315 ne
767 3251 910 3335 quis
960 3252 1038 3316 de
1082 3272 1227 3316 mea
1270 3252 1398 3317 fide
1443 3256 1638 3336 atque
1682 3253 2062 3338 integritate
2110 3253 2297 3319 dubi-

280 3341 481 3420 taret,
527 3338 727 3404 donec
773 3339 855 3403 ad
899 3339 1259 3405 reiciundos
1304 3339 1546 3405 iudices
1592 3340 1904 3406 venimus.
2327 3358 2383 3400 3⁵

416 3423 711 3490 Sciebam
736 3427 807 3492 in
833 3427 1176 3492 reiciundis
1203 3427 1523 3493 iudicibus
1557 3450 1691 3494 non
1724 3429 1944 3494 nullos
1981 3430 2301 3495 memoria

280 3515 509 3576 nostra
543 3513 863 3596 pactionis
904 3516 1333 3599 suspicionem
1368 3538 1501 3582 non
1540 3517 1798 3602 vitasse,
1846 3539 1993 3584 cum
2035 3518 2108 3582 in
2151 3518 2301 3602 ipsa
