2566 4016
920 213 1072 269 CAP.
1102 220 1312 269 21-23
1350 220 1381 280 ἓ
1419 221 1645 271 69-75,
2202 218 2291 283 23

268 361 588 441 nostrum,
623 356 816 421 iudex
842 356 983 441 ipse
1011 356 1452 423 coercebitur?
1491 394 1575 405 —
1615 356 1782 433 Quid
1818 360 2004 425 tum‘s>
2044 396 2128 407 --
2167 359 2290 426 ‘Tu

274 445 554 529 aliquem
606 447 958 529 patronum
1013 445 1332 529 invenieS,
1385 445 1718 510 hominem
1773 447 2024 531 antiqui
2075 447 2289 531 officii,

274 534 385 617 qui
422 532 833 617 splendorem
866 535 1165 598 nostrum
1203 537 1270 598 et
1308 534 1591 618 gratiam
1635 535 1974 619 neglegat3
2019 556 2139 619 pro
2185 558 2289 601 me

267 620 594 706 pugnabit
643 620 714 685 L.
752 619 1123 705 Philippus,
1178 621 1576 705 eloquentia,
1632 622 1989 707 gravitate,
2043 622 2288 687 honore

213 725 242 766 ⁵
268 708 767 774 florentissimus
812 708 1116 791 civitatis,
1162 708 1333 774 dicet
1376 708 1785 795 Hortensiae,
1831 710 2151 775 excellens
2197 711 2289 775 in-

271 797 485 882 genio,
511 797 877 879 nobilitate,
911 797 1408 881 existimatione,
1445 798 1718 862 aderunt
1746 801 1963 863 autem
1992 798 2288 863 homines

267 884 666 952 nobilissimi
710 907 786 949 ac
836 885 1302 969 potentissimi,
1355 890 1430 950 ut
1475 907 1697 951 eorum
1741 885 2177 970 frequentiam
2223 892 2289 951 et

269 994 648 1048 consessum
700 993 834 1037 non
878 973 1069 1038 modo
1115 972 1186 1040 P.
1224 971 1561 1048 Quinctius
1572 1023 1589 1057 ,
1646 975 1757 1058 qui
1803 975 1880 1038 de
1927 976 2139 1059 capite
2186 975 2289 1040 de·
2396 983 2407 994 ’

269 1061 497 1144 cernit,
525 1060 638 1125 sed
666 1060 895 1144 quivis,
924 1061 1036 1144 qui
1063 1065 1247 1128 extra
1275 1062 1633 1146 periculum
1662 1062 1769 1145 sit,
1793 1061 2287 1146 perhorrescat?

189 1165 244 1205 ιο
267 1148 450 1213 Haec
518 1152 620 1212 est
680 1148 906 1231 iniqua
967 1148 1268 1232 certatio,
1335 1170 1468 1213 non
1532 1149 1676 1231 illa,
1742 1170 1870 1233 qua
1932 1153 2008 1214 tu
2062 1154 2290 1215 contra

269 1235 583 1300 Alfenum
647 1236 1014 1319 equitabas3
1076 1236 1228 1301 huic
1280 1258 1363 1300 ne
1416 1236 1531 1300 ubi
1585 1237 1969 1308 consisteret
2030 1236 2289 1319 quidem

271 1327 502 1390 contra
535 1328 603 1388 te
648 1324 866 1388 locum
911 1324 1251 1407 reliquisti.
1333 1322 1546 1399 Quare
1592 1327 1707 1388 aut
1753 1324 1980 1389 doceas
2027 1328 2289 1408 oportet

269 1410 581 1477 Alfenum
625 1432 902 1497 negasse
948 1432 1017 1477 se
1061 1416 1551 1495 procuratorem
1597 1433 1764 1496 esse,
1807 1433 1939 1477 non
1985 1411 2288 1478 deiecisse

269 1500 553 1582 libellos,
585 1499 907 1566 iudicium
943 1500 1232 1584 accipere
1267 1500 1574 1583 noluisse,
1620 1505 1752 1584 aut,
1797 1522 1943 1570 cum
1987 1501 2147 1566 haec
2193 1502 2291 1566 ita

188 1604 241 1645 15
267 1586 447 1653 facta
501 1588 661 1670 sint,
715 1608 793 1651 ex
848 1587 1056 1652 edicto
1111 1592 1178 1651 te
1233 1588 1408 1653 bona
1461 1586 1533 1654 P.
1568 1586 1829 1663 Quincti
1882 1610 2013 1654 non
2065 1611 2289 1673 posse-

270 1676 442 1740 disse
488 1675 819 1740 concedas.

2327 375 2395 424 72

2326 1156 2393 1204 73

400 1762 665 1827 Etenim
720 1763 777 1826 si
822 1784 900 1827 ex
946 1762 1155 1828 edicto
1200 1763 1577 1847 possedisti,
1634 1785 1899 1847 quaero,
1955 1786 2068 1828 cur
2112 1764 2286 1829 bona
2306 1762 2393 1825 23

267 1870 411 1914 non
459 1850 799 1933 venierint,
855 1871 967 1915 cur
1013 1850 1211 1920 ceteri
1256 1871 1603 1936 sponsores
1651 1854 1716 1915 et
1762 1851 2110 1915 creditores
2157 1871 2288 1915 non

275 1937 718 2023 convenerint3
749 1960 1028 2006 nemone
1063 1938 1207 2022 fuit,
1245 1938 1349 2003 cui
1395 1936 1658 2001 deberet
1696 1935 2075 2013 Quinctius?
2129 1936 2289 2002 Fue-

188 2046 245 2086 20
273 2031 454 2109 runt,
504 2031 568 2091 et
614 2028 979 2112 complures
1023 2026 1313 2109 fuerunt,
1367 2028 1717 2109 propterea
1761 2025 1933 2108 quod
1976 2024 2046 2090 O.
2081 2025 2288 2092 frater

271 2115 682 2199 aliquantum
746 2115 912 2180 aeris
980 2114 1175 2179 alieni
1239 2113 1609 2197 reliquerat.
1700 2111 1868 2188 Quid
1929 2134 2085 2198 ergo
2140 2114 2286 2178 est?

268 2203 586 2268 Homines
625 2207 811 2268 erant
848 2203 929 2267 ab
977 2202 1102 2268 hoc
1148 2223 1370 2267 omnes
1419 2201 1818 2283 alienissimi,
1864 2205 1929 2265 et
1975 2202 2055 2266 iis
2103 2201 2290 2266 debe-

270 2292 497 2374 batur,
555 2312 761 2375 neque
816 2294 1036 2355 tamen
1092 2291 1437 2374 quisquam
1489 2289 1790 2355 inventus
1848 2293 1949 2354 est
2003 2293 2141 2356 tam
2195 2290 2303 2377 in-⁴

271 2379 514 2464 signite
539 2379 898 2462 improbus,
935 2378 1046 2462 qui
1073 2379 1317 2443 violare
1344 2376 1416 2441 P.
1445 2375 1706 2452 Quincti
1743 2378 2287 2444 existimationem

189 2485 244 2526 25
272 2467 563 2532 absentis
601 2467 895 2548 auderet3
930 2487 1095 2530 unus
1130 2465 1275 2549 fuit,
1321 2464 1557 2547 affiniS,
1592 2466 1822 2551 socius,
1865 2468 2287 2549 necessarius,

271 2552 415 2619 Sex.
442 2553 747 2637 Naevius,
785 2554 914 2638 qui,
950 2554 1261 2637 cumipse
1290 2553 1466 2617 ultro
1507 2552 1786 2636 deberet,
1830 2555 2016 2638 quasi
2053 2555 2287 2618 eximio

272 2643 567 2728 praemio
616 2642 876 2706 sceleris
925 2641 1219 2726 exposito
1266 2640 1679 2725 cupidissime
1725 2642 2164 2723 contenderet,
2215 2645 2289 2704 ut

269 2752 390 2815 per
427 2752 496 2794 se
534 2729 849 2800 afflictum
887 2733 1081 2813 atque
1121 2749 1415 2793 eversum
1450 2728 1885 2812 propinquum
1923 2751 2110 2793 suum
2156 2749 2290 2793 non

270 2818 467 2882 modo
495 2817 767 2882 honeste
795 2817 1003 2901 partis
1041 2816 1249 2900 boniS,
1287 2832 1512 2880 verum
1550 2816 1748 2889 etiam
1784 2816 2110 2881 communi
2146 2816 2289 2879 luce

190 2926 243 2966 so
268 2906 579 2990 privaret.
668 2904 801 2970 Ubi
866 2909 1052 2970 erant
1116 2904 1315 2968 ceteri
1380 2903 1773 2968 creditores?
1838 2904 2111 2986 denique
2164 2902 2289 2968 hoc

269 2998 567 3077 tempore
621 2993 733 3057 ubi
789 2993 985 3057 sunt?
1058 2990 1215 3067 Quis
1271 2995 1396 3075 est,
1453 2991 1565 3075 qui
1620 2990 2047 3056 fraudationis
2096 3011 2290 3055 causa

269 3082 544 3153 latuisse
581 3080 776 3163 dicat,
812 3081 977 3164 quis,
1022 3080 1133 3163 qui
1170 3080 1508 3144 absentem
1545 3079 1878 3144 defensum
1914 3081 2110 3163 neget
2149 3099 2289 3142 esse

270 3168 690 3245 Quinctium?
727 3165 937 3232 Nemo
966 3166 1311 3233 invenitur.
1363 3167 1456 3230 At
1486 3171 1714 3232 contra
1750 3187 1991 3244 omnes,
2028 3165 2289 3249 quibus-

268 3279 420 3323 cum
473 3256 641 3321 ratio
696 3256 847 3321 huic
902 3259 1017 3320 aut
1071 3259 1174 3320 est
1229 3259 1343 3319 aut
1395 3254 1548 3336 fuit,
1606 3254 1869 3337 adsunt,
1923 3252 2290 3338 defendunt,

187 3363 240 3404 35
268 3345 432 3409 fides
470 3344 664 3408 huius
702 3343 930 3408 multis
967 3343 1127 3408 locis
1168 3342 1432 3428 cognita
1468 3363 1550 3405 ne
1595 3341 1867 3426 perfidia
1912 3338 2057 3407 Sex,
2081 3340 2291 3408 Naevi

269 3433 642 3516 derogetur,
681 3431 1005 3496 laborant.
1075 3429 1155 3494 In
1190 3430 1381 3494 huius
1419 3429 1597 3494 modi
1634 3430 2049 3513 sponsionem
2085 3434 2289 3495 testes

269 3520 427 3585 dare
466 3519 812 3603 oportebat
850 3541 926 3583 ex
964 3540 1039 3584 eo
1075 3538 1364 3600 numer0,
1402 3517 1513 3600 qui
1549 3516 1709 3582 haec
1745 3517 2055 3583 dicerent:
2093 3518 2293 3584 Vadi-

2325 2478 2394 2529 74

2326 3177 2396 3229 75
