2566 4016
724 210 859 267 ΜΒ.
897 211 926 265 1
1015 211 1167 270 CAP.
1206 217 1419 268 45—4‘1
1456 218 1486 279 ς
1527 219 1820 269 117—123.
2156 214 2286 279 185

261 378 303 422 a
348 377 479 440 qua
524 355 795 420 muliere
841 378 987 421 cum
1033 360 1175 421 erat
1220 355 1303 422 ad
1350 379 1496 422 eum
1543 361 1807 422 ventum
1854 362 1919 423 et
1955 353 2026 422 in
2062 380 2285 425 aurem

260 444 399 509 eius
435 444 935 529 insusurratum,
981 445 1143 509 alias
1182 445 1533 511 revocabat
1571 467 1700 526 eos,
1743 446 1916 511 inter
1952 468 2114 531 quos
2152 447 2286 512 iam

261 533 658 616 decreverat,
715 532 1171 617 decretumque
1217 535 1544 617 mutabat,
1604 534 1766 599 alias
1811 535 1984 599 inter
2030 535 2284 619 aliquos

259 621 659 686 contrarium
714 620 854 685 sine
907 622 1045 686 ulla
1099 621 1416 708 religione
1463 622 1873 706 decernebat,
1931 644 2007 688 ac
2052 644 2284 708 proxu-

205 727 232 768 ε
260 709 386 810 mis
426 710 624 810 paulo
668 712 819 810 ante
865 710 1253 811 decreverat.
1343 708 1514 775 Hinc
1558 710 1660 775 illi
1704 710 2000 775 homines
2047 714 2252 795 erant,
2291 724 2388 774 121

260 819 394 968 33²1,
428 797 967 970 3323023323.
995 798 1682 972 ῗέἓιξῖἳξῗῗέξαιὲἱι
1696 799 2287 970 (131ἒῖἑίᾈὲοέξέ

257 974 378 1037 ius
448 977 587 1038 tam
650 994 931 1057 nequam
994 995 1134 1039 esse
1196 975 1614 1057 verrinum3
1680 974 1794 1039 alii
1847 975 2046 1040 etiam
2100 975 2288 1062 frigi·

261 1061 473 1126 diores
557 1065 775 1145 erant,
862 1061 974 1127 sed
987 1111 1006 1145 ‚
1093 1062 1245 1146 quia
1333 1062 1944 1146 stomachabantur,
2029 1063 2289 1129 ridiculi

178 1168 234 1208 ιο
261 1149 649 1214 videbantur
714 1170 881 1233 esse,
945 1171 1091 1214 cum
1145 1147 1562 1215 Sacerdotem
1618 1152 2112 1235 execrabantur,
2175 1151 2288 1235 qui

259 1258 557 1303 verrem
629 1241 769 1302 tam
839 1259 1121 1321 nequam
1191 1238 1578 1322 reliquisset.
1696 1236 1872 1313 Quae
1957 1259 2082 1324 ego
2154 1259 2288 1303 non

261 1346 838 1391 commemorarem
904 1324 1138 1412 (neque
1202 1325 1376 1390 enim
1439 1324 1765 1410 perfacete
1835 1325 2009 1391 dicta
2080 1347 2288 1410 neque

260 1435 456 1498 porro
504 1414 626 1479 hac
664 1414 1009 1479 severitate
1047 1413 1246 1500 digna
1289 1413 1489 1499 sunt),
1532 1414 1661 1479 nisi
1696 1435 1813 1478 vos
1849 1414 2015 1480 illud
2051 1414 2288 1479 vellem

261 1502 613 1585 recordari,
680 1502 872 1567 istius
938 1502 1317 1587 nequitiamx
1363 1504 1456 1582 [et
1516 1502 1930 1587 iniquitatem
1992 1505 2163 1583 tum]
2220 1502 2291 1566 in

181 1608 234 1650 15
263 1612 373 1656 ore
418 1590 602 1676 volgi
647 1595 844 1674 atque
896 1590 967 1655 in
1022 1590 1472 1656 communibus
1528 1591 1891 1676 proverbiis
1947 1612 2088 1656 esse
2147 1613 2288 1656 ver-

263 1683 493 1743 satam.

392 1766 472 1830 In
516 1767 772 1851 plebem
808 1787 960 1831 vero
997 1765 1364 1832 Romanam
1399 1770 1622 1832 utrum
1660 1766 2031 1851 superbiam
2067 1767 2247 1851 prius
2289 1727 2390 1854 142}

265 1874 760 1920 commemorem
789 1877 873 1919 an
908 1855 1405 1919 crudelitatem?
1479 1852 1630 1919 Sine
1667 1855 1862 1920 dubio
1900 1854 2249 1919 crudelitas

264 1942 525 2028 gravior
570 1949 671 2008 est
716 1947 912 2028 atque
959 1943 1259 2008 atrocior.
1350 1940 1692 2007 Oblitosne
1737 1942 1940 2029 igitur
1994 1942 2116 2007 hos
2171 1964 2285 2044 pu·

181 2050 236 2093 20
263 2032 422 2096 tatis
485 2053 654 2117 esse,
719 2054 910 2117 quem
975 2032 1056 2096 ad
1118 2031 1384 2096 modum
1449 2030 1536 2094 sit
1599 2031 1725 2095 iste
1790 2031 2022 2095 solitus
2078 2031 2283 2117 virgis

261 2121 520 2205 plebem
555 2120 922 2186 Romanam
968 2119 1344 2185 concidere?
1393 2117 1604 2195 Quam
1647 2139 1786 2183 rem
1833 2118 2031 2182 etiam
2077 2119 2286 2183 tribu-

259 2230 382 2274 nus
420 2208 631 2294 plebis
666 2209 738 2274 in
773 2208 1073 2274 contione
1099 2207 1267 2294 egit,
1305 2229 1453 2272 cum
1490 2228 1654 2290 eum,
1693 2228 1885 2291 quem
1924 2207 2051 2271 iste
2079 2207 2284 2293 virgis

262 2297 607 2381 ceciderat,
675 2297 745 2361 in
817 2301 1232 2381 conspectum
1306 2296 1532 2381 populi
1603 2295 1885 2361 Romani
1954 2296 2285 2380 produxit3

261 2386 441 2450 cuius
496 2385 590 2450 rei
644 2385 1200 2471 recognoscendae
1257 2383 1495 2450 faciam
1558 2384 1745 2450 vobis
1810 2406 1927 2449 suo
1991 2388 2286 2470 tempore

181 2490 235 2532 εδ
261 2476 676 2558 potestatem.
748 2471 1066 2557 Superbia
1100 2493 1254 2538 vero
1295 2494 1459 2557 quae
1494 2473 1711 2557 fuerit,
1756 2473 1900 2556 quis
1937 2472 2247 2559 ignorat?
2289 2475 2389 2524 123

264 2580 456 2647 quem
502 2563 586 2626 ad
630 2562 894 2627 modum
938 2560 1064 2625 iste
1109 2560 1564 2626 tenuissimum
1602 2582 1921 2645 quemque
1959 2566 2286 2645 contemp-

263 2650 451 2730 serit,
526 2650 915 2733 despexerit,
991 2648 1270 2713 liberum
1345 2670 1485 2713 esse
1556 2670 1911 2732 numquam
1985 2648 2284 2713 duxerit?

262 2735 335 2799 P.
380 2735 738 2801 Trebonius
796 2737 972 2802 viros
1018 2737 1224 2802 bonos
1271 2739 1339 2800 et
1383 2736 1694 2802 honestos
1742 2737 2082 2821 conplures
2127 2735 2285 2800 fecit

262 2823 560 2907 heredes;
604 2823 676 2888 in
717 2824 798 2888 iis
842 2824 999 2890 fecit
1046 2846 1235 2889 suum
1270 2824 1597 2888 libertum.
1669 2822 1736 2888 Is
1772 2825 1852 2888 A.
1891 2823 2284 2888 Trebonium

181 2931 236 2972 so
261 2913 536 2978 fratrem
582 2911 899 2978 habuerat
935 2912 1392 2997 proscriptum.
1463 2911 1547 2977 Ei
1584 2933 1730 2977 cum
1767 2915 2030 2976 cautum
2066 2911 2284 2995 vellet,

264 3001 544 3085 scripsit,
571 3005 646 3065 ut
663 3001 932 3066 heredes
950 3001 1243 3066 iurarent
1263 3021 1333 3064 se
1353 3002 1710 3082 curaturos,
1737 3003 1811 3064 ut
1832 3021 1909 3063 ex
1936 3020 2053 3064 sua
2081 2997 2286 3063 cuius-

263 3112 387 3175 que
432 3093 620 3175 parte
664 3112 747 3155 ne
794 3089 1006 3153 minus
1055 3088 1392 3153 dimidium
1439 3088 1523 3153 ad
1557 3088 1638 3152 A.
1665 3086 2060 3151 Trebonium
2097 3085 2286 3151 illum

260 3179 701 3264 proscriptum
736 3177 1120 3261 perveniret.
1190 3175 1498 3241 Libertus
1535 3175 1735 3259 iurat3
1783 3174 1982 3240 ceteri
2015 3174 2286 3240 heredes

261 3268 500 3332 adeunt
555 3266 640 3331 ad
683 3264 983 3348 Verrem,
1038 3266 1269 3331 docent
1322 3286 1457 3329 non
1501 3268 1801 3349 oportere
1847 3283 1915 3327 se
1960 3262 2028 3328 id
2071 3262 2287 3327 iurare

178 3372 232 3413 ³5
258 3355 548 3421 facturos
622 3375 792 3436 esse,
864 3353 1037 3454 quod
1099 3355 1329 3418 contra
1391 3353 1606 3437 legem
1667 3350 2035 3417 Corneliam
2097 3338 2285 3437 esset,

261 3465 426 3526 quae
471 3442 912 3528 proscriptum
957 3441 1171 3506 iuvari
1213 3444 1493 3524 vetaret3
1542 3440 1903 3525 inpetrant,
1947 3444 2022 3509 ut
2065 3461 2148 3505 ne
2193 3441 2285 3506 iu-

260 3535 433 3613 rent3
489 3532 602 3596 dat
655 3531 760 3595 his
806 3530 1301 3615 possessionem.
1390 3527 1467 3592 Id
1514 3549 1637 3615 ego
1680 3550 1814 3594 non
1857 3529 2284 3614 reprehend03
