2566 4016
711 221 846 275 LIB.
886 220 961 274 111
1046 219 1199 275 CAP.
1239 226 1447 275 29—31
1488 225 1520 285 ὃ
1558 226 1781 275 ‘'lo—74.
2121 221 2251 285 299

221 367 477 431 ‘dissent
532 386 730 448 quam
774 360 888 429 HS
936 367 1030 428 δᾶ
1074 356 1321 448 Ροὲὺεαζ
1359 358 1642 447 ''Magna
1685 360 1927 446 praeda
1971 358 2251 447 videtui-5

228 455 448 521 audite
484 453 745 535 reliqua
777 455 844 516 et
881 451 1235 537 diligenter·
1265 450 1598 533 attendite,
1645 472 1772 534 quo
1810 452 2024 515 minus
2062 453 2253 516 miress

228 542 389 607 mini
417 538 672 609 Siculos
686 536 693 589 ἶ
707 536 796 604 re'
812 539 1180 604 necessaria
1215 543 1480 603 coactos
1513 534 1825 604 auxilium
1863 561 1903 602 a
1936 541 2252 623 patronis,

212 632 314 695 ⁶ab
357 627 750 710 consulibuS,
796 627 879 691 ab
896 666 901 671 -
919 631 1164 713 senatu,
1213 627 1296 691 ab
1342 626 1619 712 legibus,
1665 627 1747 690 ab
1793 626 2045 690 iudiciis
2091 628 2252 711 peti·

180 735 206 776 ⁶
231 719 419 784 visse.
494 714 590 780 Ut
625 715 936 799 probaret
961 715 1291 799 Apronius
1327 715 1452 779 hoc
1487 714 1796 797 triticum,
1839 715 2011 798 quod
2045 714 2107 778 ei
2147 714 2251 778 da·

230 807 452 887 batur,
495 804 778 887 imperat
817 802 1338 886 Agyrinensibus
1355 802 1437 867 --V
1440 823 1640 884 erres,
1694 806 1770 866 ut
1805 802 1882 865 -in
1928 802 2253 867 medimna

2291 729 2357 777 ‘13

233 892 492 978 singula
516 893 749 955 dentur
759 891 1051 974 Apronio
1072 888 1202 954 HS.
1252 889 1419 965 Quid
1444 893 1543 954 est
1569 890 1736 954 hoc‘?
1765 893 1958 954 tanto
1979 911 2248 954 numero
2270 888 2352 952 31

228 980 539 1046 frumenti
604 979 770 1043 lucri
831 979 1091 1043 nomine
1146 979 1467 1062 imperato
1524 981 1591 1041 et
1643 997 1947 1061 expresso
2003 978 2252 1042 nummi

230 1072 570 1153 praeterea
587 1067 952 1153 exiguntur,
971 1069 1046 1129 ut
1063 1067 1377 1150 probetur
1393 1060 1838 1129 frumentum?
1866 1065 1975 1129 An
1991 1070 2252 1150 poterat

154 1176 207 1217 ιο
231 1178 363 1222 non
397 1155 590 1220 modo
618 1155 965 1238 Apronius,
1003 1154 1116 1218 sed
1153 1154 1382 1237 quivis,
1420 1153 1727 1218 exercitui
1741 1194 1746 1201 ›
1759 1153 1820 1217 si
1857 1153 2251 1218 metiendum

235 1247 435 1326 esset,
498 1240 868 1326 improbare
933 1239 1221 1306 Siculum
1283 1241 1710 1324 frumentum,
1774 1240 1946 1326 quod
1993 1241 2111 1304 -illi
2175 1262 2252 1304 ex

237 1351 405 1413 area,
451 1331 508 1394 si
542 1329 758 1412 vellet,
805 1329 1108 1394 admetiri
1143 1329 1426 1393 licebat?
1497 1328 1832 1399 Frumenti
1867 1332 2093 1392 tantus
2138 1350 2256 1392 nu-

237 1439 452 1484 merus
505 1418 777 1502 imperio
832 1423 948 1482 tuo
1003 1417 1196 1482 datur
1249 1420 1317 1480 et
1363 1416 1636 1502 cogitur.
1716 1415 1869 1481 Non
1915 1420 2016 1481 est
2062 1417 2251 1500 satis3

233 1507 483 1573 nummi
544 1504 882 1590 praeterea
944 1502 1363 1589 imperantur.
1463 1504 1735 1570 Dantur.
1797 1500 2074 1570 -Parum
2133 1509 2251 1570 est:

158 1613 208 1656 15
235 1595 366 1661 P'ro
428 1594 711 1660 decumis
773 1592 1000 1658 hordei
1059 1595 1190 1659 alia
1242 1593 1515 1678 pecunia
1569 1594 1849 1678 cogitur-3
1902 1593 2087 1658 iubes
2141 1590 2251 1656 HS

235 1685 382 1747 ffi
418 1683 582 1749 lucri
621 1680 777 1747 dari.
850 1681 956 1746 Ita
993 1681 1075 1746 ab
1113 1702 1244 1746 una
1279 1682 1545 1747 civitate
1591 1682 1676 1764 vi,
1722 1681 1934 1764 minis,
1977 1682 2251 1765 imperio

235 1770 598 1854 iniuriaque
625 1770 948 1854 praetoris
977 1770 1340 1854 eripiuntur
1365 1769 1569 1833 tritici
1603 1769 1997 1833 medimnum
2023 1770 2255 1833 ffi‘fi

239 1862 306 1921 et
359 1862 694 1941 praeterea
739 1857 851 1922 HS
905 1861 1016 1922 fi.
1107 1856 1201 1921 At
1253 1858 1414 1921 haec
1469 1857 1744 1921 obscura
1797 1860 1952 1920 sunt
2001 1859 2141 1938 aut,
2197 1857 2253 1920 si

240 1966 477 2011 omnes
514 1945 816 2012 homines
872 1946 1100 2029 velint,
1164 1945 1441 2030 obscura
1497 1965 1636 2008 esse
1690 1947 1983 2029 possunt.
2076 1941 2253 2019 Quae

155 2056 212 2097 πο
238 2039 312 2099 tu
365 2035 586 2119 palam
636 2035 856 2121 egisti,
910 2035 980 2098 in
1026 2037 1349 2099 conventu
1393 2034 1760 2117 imperasti,
1815 2032 2114 2097 omnibus
2159 2034 2252 2096 in-

239 2123 682 2207 spectantibus
746 2123 1047 2208 coegisti3
1112 2145 1239 2206 qua
1295 2121 1371 2186 de
1426 2143 1495 2186 re
1542 2120 1986 2207 Agyrinenses
2051 2123 2252 2207 magi-

239 2211 486 2277 stratus
533 2215 600 2275 et
647 2212 927 2296 quinque
972 2211 1185 2297 primi,
1233 2232 1395 2295 quos
1441 2214 1516 2274 tu
1560 2209 1659 2274 tui
1706 2213 2012 2293 quaestus
2058 2231 2253 2275 causa

240 2319 574 2382 evocaras,
637 2304 783 2364 acta
847 2303 914 2363 et
975 2300 1249 2383 imperia
1311 2302 1426 2363 tua
1490 2297 1750 2363 domum
1815 2297 1896 2362 ad
1957 2302 2254 2362 senatum

240 2407 428 2451 suum
464 2388 1024 2472 renuntiaverunt;
1069 2410 1345 2473 quorum
1381 2386 1777 2452 renuntiatio
1813 2386 2069 2472 legibus
2106 2388 2254 2452 illo-

153 2495 212 2538 85
238 2496 389 2540 rum-
421 2471 660 2541 litteris
678 2509 681 2516 ,
700 2476 980 2562 publicis
1027 2476 1335 2541 mandata
1379 2481 1506 2558 est3
1554 2495 1829 2559 quorum
1875 2476 2097 2560 legati,
2142 2476 2254 2540 ho-

237 2564 445 2629 mines
488 2565 926 2647 nobilissimi,
989 2563 1235 2628 Romae
1295 2567 1477 2646 sunt,
1544 2564 1655 2647 qui
1716 2565 1839 2627 hoc
1902 2564 2075 2628 idem
2134 2584 2254 2647 pro

236 2653 612 2717 testimonio
641 2653 968 2716 dixerunt!
1014 2650 1404 2736 Cognoscite
1421 2649 1930 2736 Agyrinensium
1957 2651 2251 2735 publicas

238 2739 516 2819 litteras,
555 2737 781 2803 deinde
809 2740 1258 2804 testimonium
1280 2738 1621 2822 publicum
1652 2738 1956 2802 civitatis.
2019 2738 2253 2802 Recita.

239 2820 668 2884 LITTERAE
698 2832 1136 2901 PUBLICAE,
1171 2832 1414 2887 TESTI
1414 2832 1488 2885 M
1492 2830 1645 2885 ONI
1650 2829 1778 2884 ΠΜ·
1800 2828 2253 2885 PUBLIGUM.

149 2934 211 2978 so
237 2911 815 2979 Animadvertistis
874 2914 967 2977 in·
1004 2914 1129 2979 hoc
1190 2913 1568 2977 testimonio
1578 2962 1596 2995 ,
1657 2909 1924 2993 iudiceS,
1984 2911 2255 2995 Apollo-

238 3003 497 3084 dorum,
559 2999 665 3064 cui
721 2998 1013 3085 Pyragro
1074 3015 1436 3087 cognomen
1492 3004 1619 3082 est,
1682 2998 2041 3083 principem
2101 3020 2255 3063 suae

236 3087 552 3171 civitatis,
596 3087 1084 3153 ··lacrimantem
1160 3090 1393 3153 testari
1465 3109 1544 3151 ac*
1616 3086 1825 3150 dicere
1900 3107 2256 3169 numquam

235 3182 391 3264 post
453 3175 682 3261 populi
744 3175 1024 3239 Romani
1083 3197 1320 3240 nomen
1385 3176 1469 3239 ab
1534 3173 1768 3241 Siculis
1834 3173 2126 3238 auditum
2190 3178 2256 3239 et

237 3263 575 3351 cognitum
659 3263 1099 3349 Agyrinenses
1182 3269 1413 3328 contra
1493 3281 1881 3345 quemquam
1961 3261 2255 3328 infimum

147 3372 208 3414 ³5
237 3355 445 3418 civem
507 3353 875 3417 Romanum
943 3350 1179 3414 dixisse
1243 3355 1357 3414 aut
1418 3350 1648 3414 fecisse
1695 3349 2075 3433 quippiam,
2146 3351 2257 3434 qui

236 3461 408 3506 nunc
444 3444 687 3505 contra·
707 3444 1076 3524 praetorem
1112 3438 1341 3526 populi
1377 3437 1654 3502 Romani
1700 3438 1969 3523 magnis·
2000 3439 2254 3503 iniuriis

238 3533 308 3592 et
343 3549 582 3614 magno
631 3529 854 3595 dolore
898 3528 1155 3612 publice
1201 3526 1649 3591 testimonium
1696 3525 1922 3617 dicere,
1950 3546 2257 3612 cogeren-

2292 2661 2360 2709 74
