2566 4016
199 303 284 428 {71
308 331 521 397 cium‘?
629 331 795 398 Cum
864 332 1166 398 omnibus
1227 332 1301 396 in
1362 331 1510 396 aliis
1579 331 2039 416 vectigalibus,
2106 329 2323 413 Asiae,

203 1923 274 1973 28

306 190 440 253 280
899 189 979 243 lN
1019 188 1076 243 C.
1106 187 1416 243 VERREM
1452 187 1611 243 ACT.
1649 188 1717 243 ΙΙ.

304 419 747 504 Macedoniae,
813 420 1199 505 Hispaniae,
1266 417 1549 504 Galliae,
1611 418 1902 504 Africae,
1969 416 2323 519 Sardiniae,

306 508 511 592 ipsius
565 508 798 573 Italiae
855 531 1019 592 quae
1073 508 1427 609 vectigalia
1481 512 1660 592 sunt,
1719 529 1867 572 cum
1918 507 1990 570 in
2044 506 2176 589 his,
2227 505 2322 568 in-
2415 574 2425 585 ‚

309 617 531 680 quam,
593 598 786 662 rebus
846 596 1145 662 omnibus
1199 595 1585 681 publicanus
1637 595 1881 679 petitor
1923 598 2050 675 aut
2103 594 2322 680 pigne·

308 688 507 768 rator,
553 706 685 750 non
716 688 985 785 ereptor
1029 706 1235 768 neque
1280 704 1620 768 possessor
1665 683 1875 748 soleat
1921 703 2081 764 esse,
2125 686 2198 745 tu
2241 681 2320 744 de
2347 699 2378 740 ⁵

309 771 580 856 optimo,
611 773 689 835 de
710 772 1089 856 iustissimo,
1118 772 1194 836 de
1222 771 1683 836 honestissimo
1710 791 1942 857 genere
1969 770 2322 852 hominum,

309 860 434 924 hoc
460 864 561 924 est
595 859 672 923 de
710 860 1097 943 aratoribus,
1133 881 1211 924 ea
1244 859 1390 925 iura
1426 859 1886 942 constituebas,
1922 880 2088 943 quae
2122 857 2324 921 omni-

309 947 432 1010 bus
471 946 618 1011 aliis
665 952 882 1012 essent
927 947 1298 1013 contraria?
1377 946 1618 1012 Utrum
1665 951 1767 1011 est
1811 946 2095 1030 aequius,
2139 946 2324 1009 decu-

309 1055 574 1098 manum
601 1039 823 1117 petere
861 1057 945 1100 an
982 1040 1308 1101 aratorem
1344 1034 1679 1119 repetere?
1724 1034 2029 1099 iudicium
2063 1033 2325 1134 integra

309 1143 380 1186 re
444 1143 529 1187 an
581 1123 838 1207 perdita
888 1122 1073 1188 fieri?
1138 1144 1312 1206 eum,
1378 1123 1488 1206 qui
1542 1145 1737 1187 manu
1794 1121 2173 1207 quaesierit,
2235 1142 2323 1185 an
2354 1141 2411 1180 10

312 1231 485 1292 eum,
555 1210 666 1294 qui
729 1211 937 1297 digito
1001 1210 1220 1276 licitus
1286 1211 1401 1295 sit,
1462 1211 1837 1311 possidere?
1938 1208 2146 1285 Quid?
2211 1208 2324 1292 qui

312 1298 588 1383 singulis
636 1299 810 1384 iugis
857 1303 1072 1382 arant,
1128 1299 1239 1383 qui
1286 1300 1368 1364 ab
1416 1319 1609 1382 opere
1653 1298 1782 1382 ipsi
1823 1319 1956 1362 non
2000 1297 2325 1380 recedunt,

312 1407 439 1468 quo
493 1385 564 1448 in
615 1407 886 1451 numero
942 1408 1219 1473 magnus
1274 1389 1426 1451 ante
1479 1389 1547 1450 te
1598 1390 1965 1470 praetorem
2014 1406 2323 1449 numerus

313 1494 387 1536 ac
424 1492 666 1558 magna
699 1475 1049 1540 multitudo
1086 1472 1450 1539 Siculorum
1485 1473 1633 1558 fuit,
1676 1474 1829 1558 quid
1872 1472 2131 1553 facient,
2176 1494 2324 1539 cum

313 1558 605 1624 dederint
614 1561 925 1647 Apronio,
951 1563 1122 1647 quod
1144 1561 1559 1645 poposcerit?
1593 1562 1959 1646 relinquent
1978 1560 2325 1644 arationes,
2358 1578 2414 1620 ιε

310 1647 678 1732 relinquent
704 1649 938 1715 Larem
965 1650 1359 1714 familiarem
1386 1649 1620 1714 suum‘?
1660 1649 1920 1714 venient
1948 1646 2324 1733 Syracusas,

308 1740 386 1801 ut
420 1740 487 1801 te
522 1742 823 1821 praetore
859 1737 1160 1803 videlicet
1206 1758 1412 1821 aequo
1456 1737 1596 1802 iure
1632 1736 2013 1821 Apronium,
2059 1736 2327 1801 delicias

312 1845 387 1888 ac
442 1824 644 1890 vitam
699 1830 912 1908 tuam,
971 1825 1208 1891 iudicio
1262 1825 1742 1910 recuperatorio
1805 1825 2325 1910 persequantur?

309 1909 554 1977 Verum
585 1917 754 1998 esto3
790 1914 1148 1999 reperietur
1175 1914 1380 1998 aliqui
1405 1913 1598 1979 fortis
1627 1918 1693 1977 et
1721 1913 2054 1997 experiens
2083 1916 2326 1995 arator,

311 2000 448 2083 qui,
495 2024 640 2067 cum
676 2006 935 2069 tantum
982 2002 1230 2069 dederit
1274 2003 1655 2087 decumam,
1700 2005 2016 2086 quantum
2059 2001 2174 2066 ille
2221 2000 2327 2065 de-
2357 2019 2416 2061 zo

310 2088 451 2152 beri
497 2090 758 2176 dixerit,
802 2092 1038 2157 iudicio
1084 2095 1340 2176 repetat
1385 2095 1452 2155 et
1494 2112 1771 2175 poenam
1816 2090 2062 2174 octupli
2106 2110 2330 2172 perse-

312 2181 575 2260 quatur:
648 2183 917 2263 expecto
988 2179 1124 2243 vim
1196 2178 1416 2259 edicti,
1487 2179 1899 2243 severitatem
1972 2177 2327 2262 praetoris3

310 2264 499 2328 faveo
538 2266 802 2348 aratori,
848 2266 1036 2348 cupio
1082 2266 1330 2348 octupli
1375 2265 1671 2331 damnari
1689 2266 2082 2368 Apronium.
2155 2263 2330 2339 Quid

311 2351 574 2414 tandem
627 2353 923 2435 postulat
977 2352 1241 2416 arator?
1341 2350 1550 2417 Nihil
1577 2354 1708 2419 nisi
1761 2376 1838 2419 ex
1893 2353 2102 2419 edicto
2157 2352 2331 2417 iudi-

311 2436 482 2501 cium
544 2437 615 2500 in
680 2440 1032 2524 octuplum.
1131 2437 1300 2515 Quid
1362 2440 1467 2525 Ap
1471 2442 1737 2506 ronius‘?
1835 2439 1988 2506 Non
2048 2445 2328 2505 recusat.
2358 2458 2418 2499 25

312 2522 479 2598 Quid
523 2527 830 2608 praetor?
909 2527 1101 2592 Iubet
1145 2533 1630 2613 recuperatores
1676 2529 1932 2594 reicere.
2008 2528 2331 2594 Decurias

312 2611 686 2679 scribamus.
760 2612 934 2690 Quas
972 2615 1307 2682 decurias?
1389 2615 1510 2681 ‘De
1555 2617 1822 2682 cohorte
1867 2639 2012 2681 mea
2057 2615 2333 2699 reicies',

309 2700 571 2854 ιιιῗι
602 2702 1070 2876 1133ᾱέ31053
1105 2703 1370 2858 (ἔξιθι
1405 2726 1748 2857 ιὲιῑῖι
1777 2666 2333 2876 lfflm‘ff

313 2898 475 2960 quos
510 2877 800 2944 tribunal
836 2901 1052 2945 meum
1091 2879 1268 2944 vides
1306 2879 1644 2963 lambere'3
1689 2902 1843 2945 nam
1881 2880 1959 2944 de
2004 2884 2334 2945 conventu
2363 2897 2423 2939 so

309 2966 563 3031 nullum
636 2989 945 3051 umquam
1016 2967 1293 3032 iudicem
1356 2989 1474 3034 nec
1538 2972 2058 3052 recuperatorem
2120 2968 2333 3050 dedit3

267 3126 287 3132 ‚
309 3053 566 3137 iniquos
615 3055 984 3120 decumanis
1030 3076 1170 3120 esse
1217 3055 1436 3120 aiebat
1480 3056 1720 3138 omnis,
1770 3056 1882 3140 qui
1926 3057 2135 3120 ullam
2182 3056 2338 3142 agri

312 3141 583 3226 glebam
628 3142 1052 3228 possiderent.
1133 3141 1538 3207 Veniendum
1595 3147 1737 3209 erat
1791 3144 1873 3208 ad
1929 3165 2040 3209 eos
2095 3147 2338 3209 contra

310 3227 703 3315 Apronium,
758 3231 871 3315 qui
922 3230 1209 3295 nondum
1256 3229 1621 3315 Aproniani
1665 3232 1944 3297 convivii
1991 3232 2337 3316 crapulam

208 3318 292 3380 12
315 3316 744 3383 exhalassent.
827 3318 882 3383 Ο
918 3318 1327 3403 praeclarum
1373 3323 1439 3384 et
1484 3319 2121 3385 commemorandum
2167 3320 2339 3384 iudi-
2368 3336 2425 3378 ιε

312 3401 506 3548 pium!
541 3426 610 3552 ¹o
666 3426 963 3471 severum
1019 3405 1330 3472 edictum!
1394 3429 1433 3472 o
1487 3411 1705 3473 tutum
1758 3407 2130 3493 perfugium
2187 3430 2343 3474 ara-

346 3506 530 3551 orum
