2566 4016
873 208 1030 262 CAP.
1069 214 1207 263 6—9
1245 214 1277 274 ς
1314 214 1540 265 21—27.
2104 212 2228 277 107

201 352 348 418 dari
382 373 530 417 cera
565 350 883 437 legitima,
917 373 1051 417 non
1073 351 1190 416 illa
1219 352 1449 418 infami
1475 376 1552 420 ac
1577 354 1843 420 nefaria.
1917 355 2136 440 Atque
2172 356 2229 421 is

198 462 336 507 non
355 445 493 505 tam
514 445 784 524 propter
804 437 1077 504 Verrem
1096 441 1373 523 laborat,
1394 464 1591 526 quam
1610 442 1783 525 quod
1799 464 1949 508 eum
1965 445 2230 510 minime

197 551 307 594 res
339 533 488 594 tota
516 528 815 592 delectat.
863 526 1059 592 Videt
1089 529 1278 612 enim,
1312 530 1370 593 si
1396 530 1669 614 apueris
1689 530 2038 614 nobilibus,
2066 553 2229 615 quos

198 618 416 684 adhuc
453 615 669 697 elusit,
715 616 771 680 si
800 637 841 679 a
877 615 1513 701 quadruplatoribus,
1559 639 1720 702 quos
1753 640 1886 684 non
1922 618 2059 683 sine
2087 641 2229 684 cau·

146 731 171 771 ⁵
195 728 272 772 sa
300 703 702 789 contempsit
738 724 994 788 semper
1035 725 1111 768 ac
1153 727 1274 789 pro
1319 704 1526 771 nihilo
1563 707 1841 790 putavit,
1886 707 2230 772 accusandi

194 796 511 859 voluntas
568 791 652 856 ad
695 791 871 857 viros
917 791 1121 856 fortes
1168 797 1624 877 spectatosque
1668 794 1963 860 homines
2018 799 2228 860 trans-

191 885 340 948 lata
397 881 515 963 sit,
571 901 712 945 sese
765 880 837 943 in
890 880 1143 945 iudiciis
1190 880 1433 945 diutius
1480 882 1800 947 dominari
1842 905 1974 949 non
2019 905 2227 968 posse.
2267 935 2305 997 8

191 971 371 1037 Huic
420 990 545 1055 ego
591 967 843 1033 homini
889 967 1019 1032 iam
1064 972 1217 1033 ante
1263 969 1696 1053 denuntio,'si
1740 992 1781 1034 a
1817 992 1919 1035 me
1966 994 2226 1037 causam
2265 1011 2333 1060 25

189 1060 369 1124 hanc
407 1078 527 1122 vos
566 1056 677 1141 agi
717 1056 1071 1140 volueritis,
1105 1057 1426 1123 rationem
1462 1058 1564 1122 illi
1600 1057 1977 1122 defendendi
2016 1063 2226 1125 totam

117 1172 166 1212 ιο
190 1169 344 1213 esse
381 1145 782 1228 mutandam,
827 1147 894 1208 et
934 1144 1029 1209 ita
1074 1145 1470 1229 mutandam,
1515 1149 1590 1209 ut
1627 1146 1893 1210 meliore
1929 1149 1997 1209 et
2030 1146 2229 1210 hone-

190 1236 406 1302 stiore
435 1232 825 1311 condicione,
862 1252 1057 1313 quam
1087 1253 1216 1314 qua
1240 1232 1381 1315 ipse
1408 1234 1570 1314 vult,
1606 1232 1900 1296 imitetur
1930 1232 2226 1297 homines

189 1346 332 1407 eoS,
360 1342 528 1405 quos
556 1320 696 1406 ipse
723 1319 889 1384 vidit
917 1319 1373 1403 amplissimos,
1400 1318 1472 1384 L.
1500 1319 1807 1385 Crassum
1826 1319 1995 1385 etM.
2025 1320 2227 1384 Anto·

185 1414 404 1493 nium,
451 1408 566 1492 qui
606 1407 771 1472 nihil
819 1429 888 1471 se
935 1407 1427 1474 arbitrabantur
1473 1408 1555 1473 ad
1598 1408 1835 1473 iudicia
1871 1430 2226 1493 causasque

189 1499 562 1566 amicorum
601 1499 862 1581 praeter
906 1495 1095 1560 fidem
1145 1500 1211 1560 et
1254 1496 1588 1583 ingenium
1635 1498 1863 1562 afferre
1908 1501 2227 1583 oportere.

116 1613 164 1653 15
188 1587 389 1655 Nihil
450 1584 603 1668 erit,
658 1583 832 1667 quod
886 1604 989 1648 me
1042 1589 1276 1669 agente
1338 1587 1692 1651 arbitretur
1735 1586 2044 1652 iudicium
2088 1587 2226 1651 sine

190 1696 446 1762 magno
501 1674 859 1737 multorum
913 1672 1200 1755 periculo
1254 1695 1448 1757 posse
1508 1675 1850 1758 corrumpi.
1947 1676 2094 1759 Ego
2157 1676 2228 1739 in
2264 1688 2332 1737 26

187 1768 327 1832 hoc
374 1761 612 1828 iudicio
659 1759 824 1824 mihi
868 1756 1230 1825 Siculorum
1278 1783 1540 1827 causam
1593 1766 1946 1846 receptam,
2001 1762 2230 1846 populi

188 1850 489 1920 Romani
542 1851 911 1932 susceptam
967 1869 1105 1913 esse
1165 1849 1476 1931 arbitror,
1535 1853 1611 1913 ut
1664 1850 1826 1914 mihi
1878 1871 2010 1913 non
2061 1870 2226 1912 unus

189 1944 402 2010 homo
480 1937 818 2022 improbus
901 1936 1361 2021 opprimendus
1444 1937 1558 2020 sit,
1637 1936 1703 1999 id
1785 1936 1957 2020 quod
2028 1932 2229 2000 Siculi

115 2054 167 2094 20
190 2030 604 2116 petiverunt,
669 2024 782 2088 sed
834 2025 1044 2090 omnis
1104 2024 1493 2108 improbitas
1501 2073 1520 2106 ,
1582 2023 1652 2087 id
1713 2024 1884 2106 quod
1947 2026 2226 2108 populus

191 2120 540 2184 Romanus
580 2114 716 2178 iam
751 2112 859 2177 diu
896 2111 1176 2197 flagitat,
1222 2110 1690 2197 exstinguenda
1727 2114 1921 2194 atque
1958 2111 2230 2176 delenda

194 2208 308 2273 sit.
401 2203 483 2268 In
538 2223 666 2284 quo
722 2221 845 2287 ego
902 2199 1057 2283 quid
1102 2199 1261 2263 eniti
1308 2203 1422 2265 aut
1468 2200 1623 2283 quid
1669 2198 1919 2265 efficere
1963 2200 2229 2285 possim,

193 2293 383 2361 malo
410 2292 483 2355 in
517 2289 794 2354 aliorum
840 2309 955 2373 spe
1000 2287 1366 2372 relinquere
1403 2310 1600 2372 quam
1644 2288 1712 2353 in
1755 2288 2048 2355 oratione
2084 2310 2230 2354 mea

248 2400 466 2447 onere.

113 2493 166 2535 25
192 2408 243 2470 P
339 2466 443 2531 Tu
477 2487 650 2544 vero,
686 2460 956 2547 Caecili,
988 2464 1143 2546 quid
1177 2466 1410 2548 potes?
1459 2486 1585 2549 quo
1621 2469 1915 2549 tempore
1952 2470 2065 2531 aut
2102 2489 2230 2550 qua
2266 2479 2333 2528 27

192 2561 273 2625 in
320 2578 393 2621 re
439 2576 571 2619 non
614 2552 807 2617 modo
853 2552 1084 2617 ceteris
1132 2552 1454 2636 specimen
1502 2553 1766 2636 aliquod
1811 2553 2072 2637 dedisti,
2118 2555 2230 2618 sed

196 2649 352 2712 tute
397 2643 496 2707 tui
540 2641 898 2726 periculum
944 2639 1202 2705 fecisti?
1273 2639 1353 2704 In
1389 2644 1671 2705 mentem
1708 2641 1834 2705 tibi
1867 2663 2001 2706 non
2033 2642 2231 2723 venit,

199 2731 369 2818 quid
428 2729 677 2816 negotii
740 2728 827 2792 sit
888 2748 1150 2792 causam
1213 2727 1543 2811 publicam
1608 2728 1952 2812 sustinere,
2025 2728 2231 2792 vitam

200 2817 496 2887 alterius
519 2822 729 2882 totam
769 2816 1089 2898 explicare
1126 2818 1323 2898 atque
1352 2837 1495 2880 eam
1520 2837 1653 2880 non
1679 2817 1871 2882 modo
1901 2816 1969 2880 in
1996 2816 2229 2880 animis

115 2932 172 2973 ³0
202 2907 538 2991 iudicum,
580 2905 692 2972 sed
748 2904 946 2969 etiam
1001 2904 1070 2967 in
1135 2903 1339 2968 oculis
1404 2908 1878 2988 conspectuque
1942 2903 2231 2968 omnium

205 3016 557 3081 exponere,
613 2993 935 3059 sociorum
990 2992 1297 3075 salutem,
1351 2991 1690 3057 commoda
1733 2991 2230 3076 provinciarum,

203 3085 343 3149 vim
363 3084 604 3169 legum,
633 3081 1025 3168 gravitatem
1045 3078 1429 3144 iudiciorum
1458 3079 1838 3145 defendere?
1894 3077 2228 3164 Cognosce
2267 3085 2306 3148 9

206 3194 286 3237 ex
334 3193 464 3256 me,
522 3171 827 3255 quoniam
872 3169 996 3234 hoc
1040 3168 1323 3252 primum
1369 3171 1625 3252 tempus
1674 3166 1957 3233 discendi
2001 3171 2230 3232 nactus

206 3283 306 3346 ee,
370 3281 568 3344 quam
631 3259 840 3324 multa
903 3277 1044 3321 esse
1111 3259 1414 3341 oporteat
1476 3257 1545 3320 in
1609 3277 1714 3340 eo,
1777 3254 1889 3338 qui
1952 3254 2231 3320 alterum

117 3374 177 3416 35
207 3352 497 3432 accuset3
544 3369 620 3412 ex
668 3347 900 3431 quibus
948 3344 1002 3409 si
1048 3366 1246 3409 unum
1295 3343 1556 3428 aliquod
1601 3343 1667 3407 in
1713 3347 1781 3407 te
1831 3344 2231 3430 cognoveriS,

205 3459 330 3524 ego
376 3437 514 3502 iam
556 3435 684 3500 tibi
727 3435 867 3519 ipse
912 3433 1108 3515 istuc,
1155 3432 1328 3516 quod
1374 3432 1648 3517 expetis,
1704 3452 1850 3497 mea
1892 3433 2231 3499 voluntate

206 3525 574 3592 concedam.
672 3523 964 3588 Primum
1023 3521 1472 3607 integritatem
1537 3523 1732 3604 atque
1794 3520 2232 3588 innocentiam
