2566 4016
317 197 444 261 106
797 196 877 250 nv
914 196 975 263 Q.
1015 195 1407 252 cAEchM
1443 196 1840 253 ommno.

311 341 727 426 pollicebere,
802 340 912 423 qui
974 343 1041 404 te
1102 362 1311 425 neque
1374 342 1548 407 velle
1612 363 1731 407 sua
1792 361 1988 406 causa
2057 362 2204 424 nec,
2279 342 2339 407 si

313 429 555 513 cupiaS,
597 450 790 513 posse
836 428 1283 494 arbitrantur?
1359 427 1489 494 Cur
1536 451 1760 494 eorum
1807 450 1987 514 spem
2032 428 2335 514 exiguam

313 517 711 600 reliquarum
764 515 1199 599 fortunarum,
1266 539 1463 600 quam
1513 517 1760 582 habent
1814 517 1884 581 in
1937 517 2105 602 legis
2152 520 2220 581 et
2263 518 2336 582 in

311 604 532 670 iudicii
586 604 930 669 severitate
976 604 1289 689 positam,
1336 606 1400 669 vi
1446 609 1827 688 extorquere
1873 604 2172 669 conaris?
2219 626 2335 671 cur

310 697 379 757 te
414 692 774 776 interponis
818 692 1227 757 invitissimis
1273 693 1384 777 iis,
1432 693 1666 776 quibus
1713 692 1990 758 maxime
2035 692 2141 757 lex
2186 713 2334 758 con·
2362 712 2397 753 s

314 780 561 846 sultum
620 802 760 844 esse
814 781 1001 845 vult?
1065 803 1204 864 cur,
1269 780 1347 844 de
1401 780 1636 864 quibus
1690 780 1759 844 in
1812 780 2148 864 provincia
2199 802 2336 847 non

315 868 559 953 optime
615 890 683 932 es
738 868 1010 933 meritus
1017 918 1036 952 ,
1092 890 1202 934 eos
1247 890 1419 934 nunc
1461 868 1657 953 plane
1701 868 1983 933 fortunis
2031 869 2334 934 omnibus

314 956 568 1023 conaris
615 956 946 1021 evertere?
1001 978 1114 1021 cur
1158 956 1239 1020 iis
1286 977 1418 1021 non
1463 956 1655 1022 modo
1701 956 2125 1040 persequendi
2169 957 2333 1021 iuris

315 1046 416 1111 sui
423 1095 442 1129 ,
506 1043 617 1108 sed
678 1044 876 1108 etiam
932 1044 1364 1128 deplorandae
1419 1044 1814 1110 calamitatis
1877 1044 2107 1109 adimis
2151 1049 2334 1127 pote—

207 1144 275 1194 22
314 1133 597 1198 statem‘?
714 1130 887 1196 Nam
966 1136 1033 1196 te
1107 1136 1325 1197 actore
1398 1153 1588 1215 quem
1661 1153 1886 1199 eorum
1956 1132 2332 1198 adfuturum
2362 1152 2422 1192 ιο

311 1226 533 1307 putas,
579 1241 741 1305 quos
786 1219 1118 1305 intellegis
1127 1270 1146 1304 ,
1198 1242 1333 1284 non
1382 1224 1460 1284 ut
1509 1242 1631 1305 per
1682 1224 1750 1284 te
1802 1220 2034 1304 alium,
2090 1220 2205 1285 sed
2252 1224 2337 1286 ut

311 1332 432 1395 per
476 1309 679 1373 alium
721 1308 1006 1392 aliquem
1052 1312 1119 1373 te
1161 1308 1380 1394 ipsum
1424 1308 1840 1391 ulciscantur,
1885 1308 2232 1374 laborare?

236 1387 273 1480 7
446 1398 539 1461 At
594 1396 766 1461 enim
820 1397 1033 1460 solum
1091 1396 1158 1460 id
1205 1399 1333 1479 est,
1388 1401 1462 1460 ut
1505 1418 1610 1462 me
1655 1393 1857 1461 Siculi
1901 1396 2180 1461 maxime
2225 1418 2335 1461 ve-

245 1483 246 1486 ’
312 1486 465 1569 lint3
513 1484 793 1548 alterum
827 1483 1009 1567 illud,
1056 1483 1264 1566 cred0,
1303 1484 1651 1549 obscurum
1688 1487 1806 1568 est,
1853 1506 1893 1549 a
1929 1506 2056 1568 quo
2094 1482 2336 1549 Verres

312 1572 596 1637 minime.
626 1592 693 1636 se
741 1570 1030 1636 accusari
1064 1571 1241 1635 velit.
1312 1570 1554 1655 Ecquis
1591 1581 1900 1656 umquam
1938 1576 2074 1637 tam
2112 1573 2336 1656 palam
2361 1590 2422 1632 15

313 1661 389 1724 de
443 1660 717 1743 honore,
770 1662 909 1723 tam
962 1658 1380 1724 vehementer
1435 1659 1512 1724 de
1568 1660 1779 1725 salute
1839 1681 1957 1724 sua
2001 1660 2335 1726 contendit

313 1771 509 1832 quam
568 1747 684 1812 ille
749 1750 944 1831 atque
1007 1747 1186 1812 illius
1244 1747 1461 1832 amici,
1524 1770 1606 1812 ne
1660 1747 1820 1814 haec
1874 1748 2036 1812 mihi
2091 1748 2335 1813 delatio

312 1837 543 1902 detur?
634 1834 800 1899 Sunt
845 1835 1072 1921 multa,
1117 1856 1281 1919 quae
1326 1834 1563 1900 Verres
1608 1835 1678 1899 in
1722 1857 1826 1900 me
1873 1857 2014 1901 esse
2060 1835 2336 1901 arbitra-

309 1929 436 2008 tur,
488 1946 652 2008 quae
700 1924 822 1988 scit
865 1924 934 1989 in
979 1927 1074 2006 te,
1120 1923 1193 1998 Q.
1240 1921 1505 2006 Caecili,
1549 1945 1683 1987 non
1729 1945 1894 2006 esse3
1942 1945 2106 2007 quae
2153 1924 2334 1990 cuius

309 2014 486 2078 modi
528 2014 598 2097 in
642 2016 918 2096 utroque
961 2018 1260 2078 nostrum
1306 2013 1456 2096 sint,
1507 2013 1706 2097 paulo
1750 2016 1904 2097 post
1949 2034 2336 2078 commemo-
2361 2031 2424 2073 so

205 2114 271 2163 23
310 2102 499 2184 rabo;
560 2122 729 2166 nunc
781 2105 1040 2166 tantum
1094 2100 1163 2164 id
1217 2100 1453 2185 dicam,
1517 2099 1691 2185 quod
1745 2101 1984 2166 tacitus
2039 2105 2113 2165 tu
2166 2100 2335 2165 mihi

310 2189 684 2273 assentiare,
718 2190 970 2253 nullam
996 2208 1133 2252 rem
1160 2188 1230 2250 in
1255 2209 1361 2252 me
1389 2209 1546 2271 esse,
1575 2210 1771 2272 quam
1798 2189 1910 2253 ille
1938 2192 2336 2272 contemnat,

308 2278 558 2342 nullam
603 2277 675 2339 in
717 2280 804 2359 te,
849 2296 1046 2358 quam
1089 2275 1526 2359 pertimescat.
1613 2275 1845 2361 Itaque
1891 2298 2166 2362 magnus
2216 2277 2334 2340 ille

310 2364 609 2428 defensor
646 2366 713 2426 et
749 2363 993 2428 amicus
1038 2363 1173 2428 eius
1211 2363 1337 2427 tibi
1375 2364 1788 2449 suffragatur,
1833 2386 1937 2430 me
1975 2370 2335 2450 oppugnat,

312 2454 535 2537 aperte
564 2451 646 2515 ab
683 2450 1000 2516 iudicibus
1038 2451 1223 2536 petit,
1260 2455 1336 2516 ut
1369 2456 1444 2516 tu
1480 2452 1644 2517 mihi
1680 2456 2095 2537 anteponare,
2133 2456 2201 2516 et
2238 2453 2334 2516 ait
2359 2479 2417 2520 2⁶

308 2540 432 2605 hoc
488 2560 556 2603 se
609 2539 881 2604 honeste
936 2539 1073 2603 sine
1125 2539 1263 2604 ulla
1317 2540 1564 2605 invidia
1619 2562 1692 2605 ac
1746 2540 1884 2605 sine
1936 2541 2076 2605 ulla
2136 2540 2332 2608 offen-

311 2629 489 2694 sione
517 2627 919 2692 contendere.
996 2625 1083 2691 ‘N
1085 2649 1171 2692 on
1198 2627 1412 2712 enim',
1458 2628 1689 2712 inquit,
1726 2626 1913 2692 ‘illud
1948 2632 2121 2712 peto,
2159 2628 2335 2712 quod

310 2716 517 2800 soleo,
563 2737 710 2780 cum
754 2714 1197 2781 vehementius
1244 2714 1576 2797 contendi,
1629 2715 2008 2800 impetrare3
2061 2737 2210 2781 reus
2257 2719 2334 2780 ut

309 2804 706 2888 absolvatur,
750 2825 884 2869 non
927 2806 1109 2888 pet0,
1161 2803 1273 2868 sed
1317 2807 1393 2868 ut
1437 2803 1658 2887 potius
1704 2804 1786 2868 ab
1832 2802 1958 2868 hoc
2004 2824 2201 2887 quam
2247 2804 2332 2869 ab

304 2894 423 2958 illo
471 2896 823 2975 accusetur,
868 2890 932 2954 id
979 2894 1150 2976 peto.
1240 2889 1346 2955 Da
1390 2890 1552 2957 mihi
1596 2891 1747 2974 hoc,
1802 2892 2101 2976 concede,
2156 2891 2333 2975 quod
2358 2916 2418 2958 eo

304 2981 495 3046 facile
534 2984 651 3058 est,
699 2979 870 3064 quod
905 2979 1270 3061 honestum,
1318 2978 1490 3062 quod
1524 2999 1657 3043 non
1691 2978 2111 3063 invidiosum3
2157 2979 2334 3063 quod

308 3090 456 3134 cum
503 3068 772 3151 dederiS,
819 3067 957 3131 sine
1002 3067 1139 3132 ullo
1178 3070 1292 3132 tuo
1329 3066 1638 3151 periculo,
1684 3067 1821 3131 sine
1858 3067 2130 3132 infamia
2163 3067 2335 3132 illud

221 3208 224 3211 .
308 3156 585 3239 dederis,
646 3159 721 3220 ut
785 3155 842 3218 is
909 3154 1315 3237 absolvatur,
1379 3155 1558 3219 cuius
1624 3175 1746 3240 ego
1808 3176 2003 3221 causa
2056 3153 2331 3221 laboro?

205 3265 274 3312 24
312 3243 401 3309 Et
438 3244 532 3309 ait
567 3244 757 3327 idem,
794 3246 868 3307 ut
905 3243 1141 3326 aliquis
1178 3246 1390 3307 metus
1429 3242 1766 3308 adiunctus
1798 3243 1885 3307 sit
1913 3243 1996 3308 ad
2025 3244 2331 3328 gratiam,

309 3335 521 3395 certos
568 3352 708 3395 esse
751 3331 822 3395 in
866 3330 1135 3396 consilio
1144 3381 1162 3415 ,
1218 3331 1451 3414 quibus
1498 3330 1752 3396 ostendi
1805 3331 2088 3397 tabellas
2143 3332 2331 3414 velit,
2356 3357 2422 3398 ³5

310 3418 376 3480 id
423 3438 562 3480 esse
607 3417 941 3501 perfacile3
998 3439 1131 3483 non
1176 3419 1349 3483 enim
1396 3417 1689 3503 singulos
1733 3418 1904 3484 ferre
1952 3419 2330 3503 sententiae,

311 3503 424 3568 sed
467 3504 800 3569 universos
848 3506 1264 3591 constituere3
1303 3511 1587 3571 ceratam
1615 3506 1728 3571 uni
1755 3506 1983 3591 cuique
2010 3507 2331 3573 tabellam
