2566 4016
287 723 353 772 21

284 3446 354 3494 23

385 217 519 282 436
993 213 1074 268 m
1111 213 1169 269 C.
1198 210 1507 268 VERREM
1538 209 1702 264 Ac'r.
1740 209 1808 264 Π.
2241 256 2277 267 f

388 359 640 445 pediret
676 359 886 424 ullum
921 357 991 423 in
1027 356 1249 422 Sicilia
1285 355 1641 421 tumultum
1679 356 1794 419 aut
1832 353 2078 416 bellum
2124 371 2428 415 commo-

388 448 560 531 veri3
599 468 734 512 non
770 447 980 512 dicam
1015 467 1098 510 ne
1139 443 1305 509 illud
1351 442 1628 528 quidem,
1674 442 1731 506 si
1777 440 2055 506 maxime
2097 438 2168 502 in
2220 439 2431 524 culpa

389 534 590 601 fuerit
626 533 1017 620 Apollonius
1027 583 1048 617 ,
1099 535 1325 598 tamen
1375 531 1447 596 in
1497 530 1828 595 hominem
1881 527 2209 593 maximae
2271 527 2431 592 civi-

389 624 546 691 tatis
600 623 1133 689 honestissimum
1185 624 1326 685 tam
1382 618 1672 704 graviter
1726 615 2156 682 animadverti
2217 637 2433 681 causa

393 712 636 777 indicta
671 733 803 776 non
840 710 1222 793 oportuisse.
1302 705 1574 773 Nullam
1616 707 1689 772 in
1729 710 1796 770 te
1840 704 2156 770 invidiam
2205 725 2301 768 ne
2351 725 2432 769 ex
2456 721 2478 761 ⁵

390 800 527 864 illis
585 799 842 883 quidem
896 797 1090 862 rebus
1148 795 1486 862 concitabo
1496 845 1517 876 ,
1569 815 1714 860 cum
1767 796 1939 859 esset
1990 791 2146 856 talis
2195 792 2315 856 vir
2363 792 2433 856 in

393 908 671 968 carcere,
724 887 795 950 in
847 884 1162 967 tenebris,
1212 885 1283 947 in
1329 883 1656 967 squalore,
1701 881 1771 946 in
1816 880 2146 961 sordibuS,
2193 883 2432 964 tyran-

389 974 553 1039 nicis
590 973 954 1038 interdictis
990 972 1122 1037 tuis
1156 971 1334 1055 patri
1370 975 1595 1037 exacta
1636 972 1850 1035 aetate
1896 972 1963 1033 et
2006 967 2431 1034 adulescenti

390 1062 528 1126 filio
575 1061 851 1127 adeundi
896 1060 979 1126 ad
1021 1061 1210 1124 illum
1256 1059 1565 1124 miserum
1608 1060 2006 1142 potestatem
2046 1077 2429 1140 numquam

392 1171 532 1215 esse
576 1148 836 1216 factam.
914 1148 1137 1214 Etiam
1187 1146 1352 1212 illud
1396 1146 1788 1231 praeteribO,
1831 1144 2427 1230 quotienscumque
2448 1159 2481 1200 ι·

389 1237 834 1304 Panhormum
852 1237 1104 1302 veneris
1129 1235 1247 1301 illo
1277 1256 1446 1300 anno
1477 1239 1543 1300 et
1570 1256 1681 1300 sex
1708 1233 2041 1298 mensibus
2055 1229 2258 1316 (nam
2287 1238 2426 1298 tam

393 1326 502 1391 diu
537 1326 663 1392 fuit
682 1324 1072 1410 Apollonius
1109 1324 1178 1388 in
1213 1321 1516 1407 carcere),
1549 1321 1792 1387 totiens
1830 1321 1965 1402 [ad]
2002 1324 2070 1384 te
2108 1326 2426 1388 senatum

390 1413 972 1478 Panhormitanum
1028 1411 1241 1476 adisse
1297 1411 1657 1494 supplicem
1710 1431 1857 1475 cum
1905 1408 2424 1494 magistratibus

393 1500 962 1583 sacerdotibusque
1016 1498 1298 1583 publicis
1353 1501 1651 1563 orantem
1696 1501 1889 1581 atque
1937 1496 2428 1581 obsecrantem,

390 1591 464 1654 ut
501 1587 849 1670 aliquando
886 1587 1000 1650 ille
1036 1586 1234 1656 miser
1272 1590 1467 1670 atque
1513 1587 1820 1651 innocens
1865 1584 2261 1651 calamitate
2311 1587 2425 1651 ills
2447 1601 2478 1639 ¹⁵

390 1674 796 1741 liberaretur.
868 1674 1191 1756 Relinque
1228 1673 1391 1739 haec
1427 1674 1674 1757 omnia3
1719 1695 1882 1758 quae
1920 1673 1977 1737 si
2021 1673 2239 1738 velim
2287 1697 2424 1759 per·

393 1764 600 1847 sequi,
644 1763 835 1831 facile
880 1761 1219 1828 ostendam
1263 1766 1382 1828 tua
1426 1762 1807 1827 crudelitate
1850 1761 1921 1826 in
1966 1760 2136 1825 alios
2184 1783 2421 1828 omnes

391 1853 517 1917 tibi
589 1852 803 1917 aditus
870 1851 1348 1917 misericordiae
1409 1850 1693 1916 iudicum
1753 1850 1886 1915 iam
1946 1848 2213 1933 pridem
2286 1872 2421 1916 esse

390 1941 782 2027 praeclusos.
869 1938 1108 2005 Omnia
1160 1939 1286 2003 tibi
1337 1940 1467 2003 ista
1520 1937 1869 2004 concedam
1921 1940 1988 2001 et
2041 1937 2419 2022 remittam

390 2029 699 2114 provideo
754 2029 956 2113 enim,
1010 2027 1167 2112 quid
1211 2028 1300 2092 sit
1345 2026 1721 2093 defensurus
1766 2025 2196 2109 Hortensius;
2261 2028 2421 2094 fate-
2438 2041 2465 2081 ἱ

392 2117 571 2182 bitur
606 2117 779 2203 apud
813 2117 1013 2182 istum
1048 2137 1256 2200 neque
1302 2118 1702 2181 senectutem
1745 2114 1954 2198 patris
1996 2134 2220 2198 neque
2276 2117 2421 2182 adu·

393 2206 771 2270 lescentiam
806 2205 929 2269 filii
962 2225 1170 2288 neque
1206 2203 1511 2269 lacrimas
1547 2203 1885 2287 utriusque
1924 2201 2073 2286 plus
2123 2204 2421 2270 valuisse

395 2316 589 2378 quam
661 2292 1016 2357 utilitatem
1093 2292 1498 2375 salutemque
1559 2290 1957 2375 provinciae3
2031 2289 2216 2355 dicet
2286 2315 2421 2359 rem

391 2381 726 2464 publicam
785 2379 1227 2444 administrari
1291 2380 1428 2446 sine
1491 2382 1672 2445 metu
1735 2401 1811 2444 ac
1871 2378 2237 2445 severitate
2294 2403 2423 2447 non

389 2470 942 2619 fflffissssuasssssst’
957 2468 1481 2620 sssssssssss'iaiffl
1516 2466 2422 2640 fssffiaecssfflffssss'fffimpm
2440 2480 2495 2522 ”N

393 2664 506 2709 cur
567 2646 671 2708 tot
692 2605 712 2638 ’
734 2642 1054 2728 supplicia
1116 2643 1254 2707 sint
1314 2642 1385 2707 in
1446 2605 1780 2728 iinprobos
1842 2663 2023 2707 more
2081 2644 2422 2712 maiorum

392 2731 767 2797 constituta.
849 2729 1027 2807 Quae
1063 2753 1209 2797 cum
1246 2730 1466 2796 omnia
1510 2730 1798 2815 graviter
1842 2751 2197 2814 severeque
2253 2734 2422 2799 dixe-

391 2820 510 2905 rit,
573 2831 907 2905 quaeram,
972 2841 1084 2885 cur
1141 2819 1313 2884 hunc
1368 2819 1639 2884 eundem
1687 2817 2120 2903 Apollonium
2170 2818 2422 2888 Verres

391 2908 564 2974 idem
618 2911 886 2993 repente
936 2907 1121 2973 nulla
1172 2929 1244 2972 re
1288 2928 1463 2972 nova
1506 2906 1736 2990 allata,
1787 2906 1971 2972 nulla
2015 2906 2469 2994 defensione!

393 2997 532 3061 sine
586 3018 781 3064 causa
836 2996 914 3060 de
969 3016 1223 3061 carcere
1277 2994 1491 3061 emitti
1543 2993 1834 3079 iusserit3
1895 2997 2306 3081 tantumque
2357 2999 2422 3064 in

390 3084 516 3150 hoc
571 3084 837 3150 crimine
888 3083 1271 3168 suspicionis
1319 3104 1460 3148 esse
1505 3083 1893 3166 adfirmabo,
1944 3085 2020 3147 ut
2064 3082 2205 3149 iam
2258 3087 2420 3173 ipsis

391 3172 709 3239 iudicibus
747 3172 884 3238 sine
921 3193 1067 3237 mea
1104 3172 1668 3257 argumentatione
1712 3171 2155 3237 coniecturam
2197 3173 2420 3242 facere

390 3261 788 3345 permittam,
827 3260 999 3345 quod
1022 3260 1148 3326 hoc
1176 3280 1380 3345 genus
1408 3259 1778 3345 praedandi,
1815 3281 2010 3343 quam
2036 3258 2418 3346 inprobum,

393 3369 589 3431 quam
644 3349 981 3451 indignum
1038 3369 1360 3432 quamque
1405 3347 1490 3413 ad
1533 3348 2047 3433 magnitudinem
2092 3356 2417 3432 quaestus
2436 3361 2467 3403 ⁸

390 3435 754 3502 inmensum
788 3436 1242 3521 infinitumque
1280 3457 1422 3502 esse
1464 3436 1777 3502 videatur.
1846 3434 2021 3502 Nam
2067 3457 2245 3520 quae
2294 3441 2418 3505 iste

391 3521 461 3584 in
505 3522 861 3606 Apollonio
912 3524 1093 3608 fecit,
1151 3545 1229 3589 ea
1280 3524 1566 3609 primum
1619 3524 1905 3591 breviter
1957 3528 2417 3611 recognoscite
