2566 4016
765 206 899 263 LIB.
938 208 963 261 Ι
1028 206 1183 262 CAP.
1223 213 1434 264 35—38
1471 215 1501 275 ς
1539 214 1764 264 89-95.
2146 212 2275 276 175

254 353 483 419 deinde
551 352 622 415 in
684 351 921 417 codicis
988 355 1291 418 extrema
1341 373 1494 435 cera·
1548 374 1785 420 nomen
1846 355 2139 422 infimum
2204 357 2274 421 in

251 441 585 528 flagitiosa
639 440 841 505 litura
883 440 1066 524 fecit3
1121 462 1404 525 expensa
1449 439 1877 528 Chrysogono
1927 465 2113 510 servo
2158 442 2272 509 HS

252 532 550 594 sescenta
586 527 771 614 milia
813 532 1078 613 accepta
1121 529 1374 613 pupillo
1419 528 1728 595 Malleolo
1774 532 2049 596 rettulit.
2132 531 2273 607 Quo

251 617 447 683 modo
504 638 580 682 cx
638 617 892 682 deciens
937 615 1050 681 HS
1106 620 1401 683 sescenta
1455 619 1587 682 sint
1641 619 1842 702 facta,
1898 640 2026 702 quo
2081 620 2273 685 modo

197 724 224 765 5
251 725 346 772 Dc
403 706 629 770 eodem
683 705 876 770 modo
930 704 1337 790 quadrarint,
1391 709 1467 770 ut
1510 706 1630 771 illa
1675 707 1754 771 de
1801 705 1915 773 On.
1953 705 2273 772 Carbonis

251 794 526 880 pecunia
588 793 842 877 reliqua
895 790 1006 856 HS
1072 798 1367 859 sescenta
1427 794 1605 859 facta
1670 795 1828 879 sint,
1893 817 2019 879 quo
2081 796 2273 861 modo

253 882 682 967 Chrysogono
722 902 1000 965 expensa
1046 882 1183 946 lata
1231 882 1381 966 sint,
1427 905 1540 948 cur
1584 883 1651 948 id
1695 905 1933 949 nomen
1977 884 2273 949 infimum

249 973 323 1035 in
375 971 704 1054 lituraque
758 970 872 1054 sit,
928 992 1044 1034 vos
1101 970 1577 1036 existimabitis,
1679 971 1925 1037 Tamen
1978 970 2089 1036 HS
2145 994 2273 1038 ses·
2311 984 2378 1033 93

253 1063 443 1125 centa
480 1059 665 1123 milia
711 1080 857 1124 cum
903 1062 1167 1141 accepta
1212 1060 1595 1143 rettulisset,
1638 1058 1752 1124 HS
1801 1060 2277 1145 quinquaginta

169 1167 224 1206 ιο
253 1148 438 1212 milia
503 1147 720 1212 soluta
782 1168 916 1222 non
981 1151 1162 1229 sunt,
1233 1147 1560 1231 homines,
1631 1152 2062 1233 posteaquam
2124 1170 2274 1213 reus

250 1236 467 1302 factus
504 1240 621 1319 est,
667 1234 903 1299 redditi
941 1235 1056 1299 alii
1090 1240 1254 1317 sunt,
1303 1235 1416 1299 alii
1454 1236 1651 1300 etiain
1687 1257 1856 1300 nunc
1893 1236 2275 1320 retinentur,

251 1323 509 1407 peculia
544 1323 835 1388 omnium
870 1323 1221 1406 vicariique
1257 1323 1636 1388 retinentur.
1708 1322 1889 1388 Haec
1935 1327 2035 1389 est
2079 1324 2271 1388 istius
2293 1329 2376 1394 37

252 1413 589 1496 praeclara
633 1411 860 1476 tutela.
950 1409 1073 1494 En,
1120 1411 1223 1476 cui
1267 1415 1418 1476 tuos
1465 1411 1708 1476 liberos
1755 1413 2148 1496 committas,
2195 1434 2276 1477 en

257 1501 638 1566 memoriam
685 1500 929 1565 mortui
976 1499 1245 1583 sodalis,
1294 1522 1376 1565 en
1419 1504 1666 1565 metum
1711 1500 2009 1565 vivorum
2057 1501 2274 1565 existi-

171 1607 226 1647 15
255 1589 590 1654 mationis!
683 1586 847 1653 Cum
902 1588 1026 1652 tibi
1078 1610 1146 1652 se
1200 1592 1346 1653 tota
1392 1589 1554 1653 Asia
1600 1588 2006 1672 spoliandam
2053 1612 2127 1655 ac
2171 1612 2275 1655 ve-

251 1678 532 1743 xandam
596 1676 1048 1760 praebuisset?
1092 1699 1237 1741 cum
1301 1677 1425 1741 tibi
1481 1678 1778 1761 exposita
1832 1682 2003 1742 esset
2062 1678 2273 1742 omnis

255 1766 336 1830 ad
381 1765 823 1849 praedandum
857 1763 1267 1849 Pamphylia,
1315 1768 1656 1830 contentus
1701 1765 1806 1829 his
1851 1769 1990 1829 tam
2036 1764 2274 1847 opimis

253 1853 449 1919 rebus
500 1875 631 1918 non
685 1853 898 1937 fuisti,
952 1875 1181 1917 manus
1240 1876 1279 1917 a
1333 1854 1570 1937 tutela,
1625 1874 1855 1917 manus
1912 1875 1951 1917 a
2002 1853 2274 1936 pupille,

255 1963 486 2007 manus
526 1965 564 2006 a
602 1942 843 2007 sodalis
881 1942 1018 2005 filio
1065 1941 1395 2006 abstinere
1438 1961 1572 2004 non
1617 1939 1937 2024 potuisti?
2018 1939 2160 2003 Iam
2205 1944 2274 2004 te

169 2049 226 2090 20
252 2053 385 2096 non
431 2028 658 2114 Siculi,
712 2052 843 2095 non
899 2034 1218 2112 aratoreS,
1271 2034 1348 2094 ut
1401 2029 1690 2112 dictitas»,
1745 2029 2275 2113 circumveniunt,
2388 2082 2393 2087 .

250 2142 384 2185 non
419 2120 506 2203 hi,
553 2119 665 2204 qui
713 2119 984 2184 decretis
1024 2117 1380 2201 edictisque
1421 2117 1554 2181 tuis
1600 2117 1670 2180 in
1714 2119 1781 2180 te
1828 2116 2138 2181 concitati
2180 2117 2275 2181 in-

250 2209 532 2294 festique
572 2211 751 2290 sunt3
795 2207 1143 2271 Malleolus
1183 2229 1222 2271 a
1258 2226 1374 2270 me
1403 2204 1756 2290 productus
1804 2209 1905 2270 est
1951 2209 2016 2269 et
2062 2209 2274 2270 mater

253 2298 389 2362 eius
446 2301 643 2380 atque
699 2295 872 2380 avia,
928 2317 1090 2379 quae
1146 2295 1442 2360 miserae·
1472 2293 1702 2359 flentes
1760 2315 2054 2359 eversum
2111 2316 2150 2359 a
2205 2298 2273 2358 te

249 2407 523 2470 puerum
572 2384 809 2469 patriis
864 2384 1054 2448 bonis
1110 2405 1252 2449 esse
1307 2383 1621 2448 dixerunt.
1713 2381 1881 2458 Quid
1927 2384 2270 2466 expectas?
2309 2395 2377 2443 94

171 2491 226 2531 2⁵
255 2495 341 2538 an
394 2474 547 2541 dum
604 2472 686 2538 ab
742 2471 967 2536 inferis
1013 2472 1153 2556 ipse
1198 2471 1545 2536 Malleolus
1595 2471 1867 2537 exsistat
1913 2475 2109 2556 atque
2155 2472 2271 2537 abs

252 2567 321 2626 te
359 2561 575 2627 officia
610 2561 874 2644 tutelae,
922 2559 1292 2625 sodalitatis
1331 2559 1929 2643 familiaritatisque
1975 2560 2272 2645 flagitet?

252 2650 479 2733 Ipsum
504 2653 737 2732 putato
767 2649 1007 2714 adesse.
1072 2647 1289 2714 Homo
1319 2648 1699 2712 avarissime
1737 2651 1802 2712 et
1841 2648 2274 2731 spurcissime,

254 2736 449 2801 redde
503 2738 675 2802 bona
729 2736 974 2802 sodalis
1025 2737 1190 2819 filio,
1254 2736 1312 2800 si
1366 2754 1498 2802 non
1555 2757 1720 2819 quae
1776 2735 2137 2817 abstulisti,
2203 2738 2277 2798 at

256 2847 421 2909 quae
490 2824 818 2893 confessus
885 2825 982 2890 es!
1083 2822 1212 2889 Cur
1277 2825 1458 2909 cogis
1524 2823 1767 2889 sodalis
1830 2823 2040 2886 filium
2104 2821 2275 2886 hanc

173 2932 226 2972 30
253 2914 535 2998 primam
606 2913 675 2978 in
736 2914 882 2979 foro
949 2934 1174 2978 vocem
1239 2935 1387 2978 cum
1453 2911 1675 2976 dolore
1740 2915 1807 2975 et
1872 2910 2277 2994 querimonia

255 3002 597 3068 emittere?
636 3024 750 3067 cur
788 3002 1031 3067 sodalis
1068 3023 1354 3085 uxorem,
1400 2999 1641 3065 sodalis
1691 3020 1966 3081 socrum,
2012 2998 2271 3062 domum

253 3091 526 3176 denique
581 3094 794 3157 totam
852 3090 1095 3155 sodalis
1152 3089 1394 3155 mortui
1441 3092 1669 3153 contra
1713 3090 1779 3150 te
1824 3086 2273 3151 testimonium

253 3179 505 3245 dicere?
572 3201 685 3244 cur
743 3178 1249 3263 pudentissimas
1306 3176 1821 3258 lectissimasque
1873 3173 2149 3238 feminas
2203 3174 2273 3237 in

250 3271 507 3332 tantum
535 3267 826 3331 virorum
855 3270 1244 3332 conventum
1272 3264 1575 3329 insolitas
1609 3263 1977 3346 invitasque
2013 3262 2273 3347 prodire

170 3370 223 3412 35
252 3356 479 3441 cogis?
552 3354 784 3420 Recita
831 3355 1116 3420 omnium
1161 3351 1552 3419 testimonia.
1626 3351 2106 3416 TESTIMONIUM
2150 3368 2274 3416 ΜΑ-

246 3461 403 3523 frms
449 3461 543 3507 ΕΤ
591 3461 824 3508 AVIAE.
2292 3490 2378 3554 38

382 3530 513 3596 Pro
545 3536 887 3615 quaestore
914 3554 1068 3598 vero
1108 3553 1236 3615 quo
1274 3529 1467 3596 modo
1503 3528 1629 3594 iste
1667 3549 2004 3594 commune
2040 3528 2268 3613 Milya·
2310 3567 2379 3614 95
