2566 4016
839 214 995 271 CAP.
1036 220 1243 271 13-15
1281 221 1314 281 s
1351 221 1578 271 42—49.
2088 215 2215 280 113

214 352 367 418 Mihi
419 355 592 422 enim
641 357 898 424 videtur
940 359 1299 444 periculum
1342 359 1510 442 fore,
1561 381 1644 424 ne
1689 360 1802 424 ille
1846 382 1980 425 non
2022 360 2214 425 modo

217 442 419 508 verbis
482 448 551 509 te
616 446 878 530 obruat,
921 446 1057 512 sed
1120 451 1310 532 gestu
1361 447 1507 532 ipso
1562 469 1638 512 ac
1692 452 1875 512 motu
1927 448 2214 532 corporis

211 532 650 619 praestringat
686 534 892 599 aciem
923 534 1172 620 ingenii
1205 534 1307 601 tui
1350 539 1541 619 teque
1587 535 1669 599 ab
1715 534 2037 600 institutis
2083 536 2214 600 tuis

211 619 841 706 cogitationibusque
872 623 1167 688 abducat.
1211 623 1448 707 ‘Atque
1476 623 1741 689 huiusce
1776 623 1872 687 rei
1907 622 2213 688 iudicium
2251 635 2318 683 47

162 718 187 759 ⁶
208 704 332 770 iam
367 708 677 775 continuo
718 710 902 776 video
948 709 1259 776 futurum.
1341 708 1412 776 Si
1455 711 1627 776 enim
1673 711 1835 777 mihi
1880 710 2070 777 hodie
2116 732 2214 775 re-

207 795 518 876 spondere
583 798 667 863 ad
727 798 888 865 haec
897 848 917 882 ,
978 820 1143 883 quae
1208 798 1380 881 dico,
1443 800 1759 882 potueris,
1822 800 1881 866 si
1943 800 2025 865 ab
2084 799 2212 864 isto

204 880 394 967 libro,
450 906 647 969 quem
700 886 829 952 tibi
881 886 1194 972 magister
1248 886 1386 952 ludi
1437 888 1653 953 nescio
1704 889 1814 972 qui
1861 909 1939 953 ex
1985 887 2213 953 alienis

202 971 607 1039 orationibus
664 975 1096 1058 compositum
1153 974 1351 1056 dedit,
1407 975 1606 1040 verbo
1652 998 1779 1040 uno
1827 976 2214 1058 discesseris,

201 1078 386 1139 posse
441 1065 513 1127 te
571 1066 636 1128 et
690 1062 791 1127 illi
849 1065 1101 1147 quoque
1145 1063 1380 1128 iudicio
1425 1085 1560 1128 non
1604 1063 1825 1129 deesse
1873 1068 1937 1127 et
1983 1085 2213 1129 causae
2246 1119 2249 1122 ,

138 1156 181 1196 1⁰
204 1150 391 1229 atque
447 1149 667 1216 officio
721 1154 836 1216 tuo
893 1150 1054 1215 satis
1107 1149 1319 1215 facere
1367 1151 1763 1233 arbitrabor3
1817 1150 1921 1213 sin
1964 1172 2213 1214 mecum

201 1232 266 1298 in
298 1235 424 1302 hac
461 1238 841 1321 prolusione
875 1238 1040 1302 nihil
1077 1237 1297 1321 fueris,
1344 1260 1535 1320 quem
1580 1240 1647 1304 te
1692 1238 1761 1302 in
1806 1236 1950 1320 ipsa
1994 1257 2213 1321 pugna

201 1342 341 1387 cum
387 1326 709 1392 acerrimo
758 1325 1127 1391 adversario
1172 1325 1314 1390 fore
1359 1324 1707 1408 putemus?

324 1410 525 1497 Est03
572 1414 712 1499 ipse
747 1413 913 1478 nihil
952 1416 1069 1497 est,
1112 1412 1277 1478 nihil
1316 1416 1562 1498 potest3
1610 1416 1679 1478 at
1724 1414 1902 1479 venit
1945 1417 2212 1499 paratus
2238 1418 2319 1482 15

202 1518 340 1563 cum
376 1502 934 1586 subscriptoribus
973 1501 1340 1568 exercitatis
1377 1505 1444 1566 et
1479 1501 1757 1567 disertis,
1826 1501 1951 1568 Est
1994 1507 2215 1569 tamen

141 1594 183 1634 ²⁵
202 1584 319 1651 hoc
383 1590 663 1675 aliquid,
732 1590 999 1657 tametsi
1059 1612 1193 1656 non
1256 1594 1358 1657 est
1421 1591 1609 1674 satis3
1678 1591 1978 1655 omnibus
2044 1590 2215 1655 enim

204 1674 388 1743 rebus
425 1679 513 1761 is,
565 1678 676 1762 qui
720 1678 1018 1763 princeps
1062 1678 1133 1746 in
1178 1677 1428 1764 agendo
1475 1682 1601 1760 est,
1647 1680 2102 1746 ornatissimus
2149 1683 2213 1743 et

205 1766 656 1843 paratissimus
695 1787 835 1830 esse
877 1766 1085 1831 debet.
1156 1765 1400 1831 Verum
1446 1771 1669 1832 tamen
1710 1766 1782 1830 L.
1819 1766 2214 1851 Appuleium

205 1869 336 1916 esse
398 1855 595 1920 video
658 1854 1025 1938 proximum
1090 1855 1624 1937 subscriptorem,
1691 1852 2020 1918 hominem
2083 1874 2214 1917 non

201 1942 432 2028 aetate,
510 1941 624 2007 sed
680 1963 804 2007 usu
855 1941 1100 2006 forensi
1153 1945 1351 2025 atque
1407 1940 1864 2005 exercitatione
1918 1940 2214 2004 tironem.

135 2032 181 2074 ²⁰
199 2022 474 2115 Deinde,
540 2034 615 2094 ut
672 2031 928 2115 opinor,
989 2030 1190 2094 habet
1243 2028 1577 2110 Alienum,
1631 2028 1802 2092 hunc
1855 2032 2076 2092 tamen
2130 2029 2212 2093 ab
2252 2041 2318 2089 48

202 2115 558 2202 subselliis3
606 2118 718 2202 qui
754 2117 909 2201 quid
942 2117 1013 2183 in
1057 2116 1323 2181 dicendo
1368 2119 1609 2201 posset,
1652 2136 2006 2199 numquam
2053 2116 2212 2180 satis

205 2206 472 2292 attendi,
516 2207 587 2270 in
622 2205 962 2271 clamando
1001 2205 1258 2289 quidem
1295 2204 1480 2270 video
1529 2226 1674 2268 eum
1722 2224 1862 2268 esse
1906 2204 2070 2269 bene
2116 2226 2214 2268 ro-

202 2287 467 2362 bustum
532 2298 726 2379 atque
790 2293 1229 2359 exercitatum.
1327 2291 1406 2357 In
1464 2292 1586 2358 hoc
1645 2313 1791 2378 spes
1851 2296 2003 2358 tuae
2063 2297 2213 2357 sunt

208 2399 451 2469 omnes,
509 2382 643 2465 hic,
700 2382 758 2446 si
801 2385 877 2446 tu
920 2382 1048 2446 eris
1095 2385 1276 2447 actor
1322 2381 1739 2465 constitutus,
1796 2384 2008 2446 totum
2054 2381 2212 2447 iudi-

138 2472 183 2513 ²⁵
208 2466 367 2536 cium
420 2470 796 2539 sustinebit.
885 2469 979 2534 At
1030 2491 1114 2535 ne
1158 2470 1215 2533 is
1261 2469 1520 2552 quidem
1565 2473 1824 2534 tantum
1868 2470 2213 2536 contendet

205 2552 270 2618 in
302 2558 594 2645 dicendO,
640 2561 954 2642 quantum
998 2560 1235 2641 potest,
1282 2557 1395 2622 sed
1439 2558 1732 2623 consulet
1777 2557 1954 2623 laudi
2001 2562 2066 2622 et
2113 2580 2213 2621 ex-

205 2639 594 2714 istimationi
628 2649 778 2710 tuae
817 2649 883 2709 et
921 2667 999 2711 ex
1035 2666 1129 2728 eo,
1176 2644 1349 2728 quod
1384 2644 1523 2728 ipse
1558 2648 1779 2729 potest
1813 2645 1884 2711 in
1930 2645 2212 2726 dicendo,

209 2730 611 2819 aliquantum
648 2734 955 2816 remittet,
1001 2736 1073 2798 ut
1111 2736 1184 2797 tu
1220 2735 1441 2797 tamen
1479 2732 1726 2816 aliquid
1762 2753 1902 2799 esse
1938 2732 2212 2797 videare.

208 2812 294 2883 Ut
347 2824 420 2890 in
481 2822 809 2889 actoribus
865 2819 1127 2886 Graecis
1182 2820 1325 2885 fieri
1376 2819 1693 2904 videmuS,
1760 2842 1951 2906 saepe
2007 2819 2212 2899 illum,

139 2911 186 2954 ⁸⁰
208 2909 313 2988 qui
348 2914 452 2978 est
489 2910 911 2976 secundarum
949 2911 1062 2973 aut
1097 2908 1441 2973 tertiarum
1476 2908 1781 2993 partium,
1821 2930 1967 2974 cum
2003 2907 2213 2990 possit

210 2993 540 3082 aliquanto
578 2997 817 3064 clarius
857 2997 1063 3063 dicere
1102 3018 1298 3080 quam
1332 2996 1472 3081 ipse
1512 2997 1888 3081 primarum,
1935 2995 2212 3061 multum

210 3087 640 3170 summittere,
694 3089 768 3149 ut
821 3085 935 3149 ille
988 3085 1286 3169 princeps
1344 3106 1538 3168 quam
1592 3084 1871 3149 maxime
1923 3082 2212 3165 excellat,

209 3169 296 3236 sic
363 3175 562 3241 faciet
625 3172 924 3256 Alienus3
997 3173 1122 3237 tibi
1194 3172 1455 3256 serviet,
1528 3172 1653 3237 tibi
1722 3170 2212 3252 lenocinabitur,

208 3259 414 3328 minus
480 3262 816 3347 aliquanto
876 3261 1246 3344 contendet,
1312 3282 1506 3343 quam
1560 3262 1796 3344 potest.
1891 3258 2035 3324 Iam
2089 3259 2211 3324 hoc
2248 3271 2315 3318 49

136 3349 185 3392 ³⁶
210 3350 632 3432 considerate,
689 3349 868 3415 cuius
923 3349 1098 3414 modi
1154 3352 1558 3413 accusatores
1612 3348 1683 3411 in
1734 3351 1922 3412 tanto
1951 3346 2210 3413 viudicio

210 3431 403 3502 simus
457 3437 776 3519 habituri,
832 3458 975 3502 cum
1022 3440 1089 3501 et
1133 3436 1272 3521 ipse
1318 3434 1587 3499 Alienus
1635 3456 1714 3499 ex
1759 3456 1836 3500 ea
1879 3434 2211 3520 facultate,

212 3518 267 3582 Si
326 3547 519 3608 quam
578 3526 803 3604 habet,
868 3525 1273 3609 aliquantum
1331 3523 1734 3590 detracturus
1790 3524 1877 3590 sit
1933 3527 1998 3590 et
2053 3523 2212 3599 Cae-

310 3633 415 3682 οπο.
442 3639 507 3680 11.
555 3641 592 3679 1.
1753 3631 1785 3682 8
