2566 4016
753 220 888 275 LIB.
926 221 1006 276 111
1068 220 1226 277 OAP.
1256 227 1476 277 31--34
1512 228 1542 288 5
1581 228 1805 278 74-78,
2149 224 2276 288 301

260 364 431 428 dinis
466 384 651 447 suae,
696 384 922 429 verum
964 364 1167 428 etiam
1213 364 1652 429 administros,
1733 364 2026 430 Eandem
2070 367 2279 450 istius,
2317 384 2380 431 77

261 452 375 535 qui
429 472 497 516 se
552 472 772 537 regem
816 450 1185 517 Siculorum
1230 473 1372 516 esse
1418 452 1701 535 dicebat,
1757 453 2087 518 licentiam
2131 455 2278 520 libi-

263 538 602 622 dinemque
636 539 847 604 fuisse
893 539 1283 625 cognoscite.

395 626 814 693 Aeschrionis
842 626 1237 711 Syracusani
1271 648 1437 693 uxor
1469 631 1576 692 est
1609 626 1791 713 Pipa,
1826 628 2007 693 ouius
2042 650 2280 693 nomen

183 730 211 773 ⁶
261 715 511 779 istius
504 716 807 799 nequitia
867 719 1013 780 tota
1054 712 1292 780 Sicilia.
1333 719 1774 801 pervagatum
1825 719 1954 799 est3
2019 715 2095 780 de
2151 738 2279 799 qua

262 803 532 867 muliere
558 823 803 868 mersus
849 802 1118 887 plurimi
1162 825 1363 888 supra
1405 803 1697 868 tribunal
1743 807 1812 868 et
1856 825 2055 888 supra
2098 826 2278 888 prae-

260 891 426 955 toris
484 895 685 975 eaput
753 890 1218 956 scribebantur.
1318 890 1445 956 Hic
1508 890 1850 976 Aeschrio,
1912 889 2114 976 Pipae
2176 892 2279 956 vir

261 979 758 1062 adumbratuS,
738 1000 809 1044 m
834 976 1362 1045 Herbitensibus
1351 978 1650 1044 demmin
1676 1000 1884 1044 novus
1907 979 2277 1044 :instituitur

258 1066 664 1151 publicanus.
736 1066 1160 1130 Herbitenses
1197 1089 1345 1132 cum
1373 1067 1693 1148 vid-erent,
1733 1067 1793 1130 si
1829 1066 1912 1130 ad
1937 1065 2278 1132 Aeschrio-

183 1172 234 1212 ιο
254 1174 410 1218 nem
468 1153 765 1236 pretium
814 1153 1202 1235 resedisset,
1260 1175 1345 1218 se
1401 1155 1492 1218 ad
1545 1117 1900 1219 arbitrium
1957 1155 2277 1219 lubidino-

262 1241 558 1305 sissimae
589 1239 885 1303 mulieris
922 1239 1277 1323 spoliatum
1311 1241 1412 1323 iri,
1458 1240 1624 1305 liciti
1649 1245 1813 1306 sunt
1848 1261 2051 1324 usque
2083 1241 2278 1323 .,adeo

263 1326 476 1410 quoad
531 1347 602 1391 se
657 1323 909 1391 efficere
954 1347 1148 1429 posse
1186 1327 1700 1393 arbitrabantur.
1775 1326 2003 1413 Supra
2045 1328 2279 1393 adiecit

261 1414 605 1500 Aeschri03
665 1435 874 1498 neque
937 1415 1109 1479 enim
1174 1417 1532 1500 metuebat,
1587 1437 1675 1481 ne
1712 1420 2031 1500 praetore
2074 1415 2279 1480 Verre

261 1503 615 1567 decumana
650 1502 887 1567 mulier
926 1501 1165 1567 damno
1212 1503 1402 1568 adfici
1446 1507 1686 1588 posset.
1768 1503 2112 1570 Addicitur
2149 1525 2278 1568 me·

182 1609 234 1649 ιε
256 1591 551 1655 dimnum
603 1593 803 1674 ’v‘l—nc,
870 1590 1144 1655 dimidio
1213 1591 1350 1656 fere
1413 1591 1621 1675 pluris
1663 1613 1882 1675 quarm
1945 1593 2277 1677 superiore

261 1700 447 1744 anno.
530 1678 847 1746 Aratores
901 1678 1196 1744 funditus
1251 1679 1737 1763 evertebantur,
1796 1683 1864 1744 et
1910 1702 1994 1745 eo
2037 1681 2278 1765 magis,

260 1767 434 1850 quod
490 1767 624 1831 iam
679 1766 1120 1851 superioribus
1168 1767 1363 1831 annis
1418 1766 1646 1832 afflicti
1701 1771 1888 1831 erant
1942 1789 2017 1832 ae
2056 1789 2276 1851 paene

256 1853 513 1937 perditi.
592 1853 925 1918 Intellexit
959 1854 1086 1919 iste
1131 1855 1227 1919 ita
1272 1875 1513 1939 magno
1559 1854 1831 1937 venisse,
1875 1858 1950 1918 ut
1995 1855 2275 1938 amplius

260 1941 346 2005 ab
380 1938 881 2005 Herbitensibus
920 1942 1194 2026 exprimi
1227 1962 1362 2006 non
1395 1945 1647 2027 posset3
1696 1941 1897 2005 demit
1933 1942 2021 2006 ude
2066 1942 2277 2025 capite

181 2046 236 2088 so
262 2029 590 2094 medimna
618 2046 755 2114 110,
817 2028 999 2093 iubet
1048 2029 1122 2092 in
1173 2030 1434 2094 tabulas
1476 2052 1609 2115 pro
1653 2030 2061 2096 medimnum
2104 2050 2276 2098 vmc

260 2116 491 2182 referri
532 2134 708 2182 vnn.

393 2204 640 2270 Hordei
711 2204 1013 2269 decumas
1074 2204 1366 2269 eiusdem
1432 2205 1578 2290 agri
1639 2205 1946 2272 Docimus
2010 2212 2274 2273 emerat.
2296 2198 2382 2260 34

262 2291 389 2357 Hic
442 2296 549 2357 est
600 2292 938 2375 Docimus,
999 2292 1083 2356 ad
1132 2313 1330 2375 quem
1381 2292 1509 2357 iste
1551 2293 1912 2359 deduxerat
1966 2294 2273 2378 Tertiam,
2314 2274 2381 2322 78

262 2379 499 2444 Isidori
550 2380 734 2445 mimi
786 2380 991 2445 filiam
1042 2380 1111 2445 vi
1167 2379 1515 2446 abductum
1561 2381 1645 2444 ab
1691 2380 1946 2447 Rhodio
1992 2382 2276 2448 tibicine.

174 2483 235 2526 ιο
262 2467 472 2532 Huius
533 2468 792 2533 Tertiae
854 2468 1004 2552 plus
1070 2467 1267 2532 etiam
1333 2489 1529 2551 quam
1580 2467 1807 2553 Pipae,
1869 2470 2018 2553 plus
2083 2493 2278 2554 quam

261 2560 619 2621 ceterarum
672 2578 749 2622 ac
799 2576 1004 2641 prope
1049 2556 1258 2620 dicam
1304 2559 1563 2620 tantum
1594 2557 1781 2639 »apud
1824 2557 2026 2621 istum
2070 2559 2140 2621 in
2185 2556 2278 2622 Si-

260 2644 511 2708 ciliensi
546 2648 854 2728 praetura
890 2644 1245 2709 auctoritas
1285 2643 1519 2726 potuit,
1555 2647 1879 2726 *quantum
1915 2645 1986 2708 in
2021 2646 2279 2709 >urbana

242 2728 652 2795 ¹Chelidonis.
740 2730 1029 2796 Veniunt
1080 2730 1425 2795 Herbitam
1465 2729 1605 2794 duo
1651 2731 1981 2814 »praetoris
2039 2733 2275 2797 aemuli

252 2836 395 2881 non
420 2817 699 2900 molesti,
735 2818 1263 2882 muliercularum
1292 2817 1812 2882 deterrumum
1831 2818 2277 2918 inprobissimi

180 2922 235 2964 so
262 2903 660 2989 cognitores,
706 2904 1030 2988 incipiunt
1074 2905 1436 2987 postulare,
1486 2925 1781 2987 poscere,
1825 2906 2096 2987 minari,
2144 2928 2279 2971 non

261 2995 568 3076 poterant
594 2995 833 3075 tamen,
859 3012 1007 3056 cum
1033 2996 1362 3076 cuperent,
1392 2992 1640 3056 imitari
1652 2992 2045 3092 Apronium3
2076 2954 2277 3058 'Siculi

258 3078 513 3145 Siculos
566 3101 699 3144 non
751 3083 891 3143 tam
936 3078 1498 3162 pertimescebant.
1589 3078 1756 3143 Cum
1801 3080 1980 3144 omni
2023 3081 2276 3145 ratione

260 3171 482 3232 tamen
557 3167 657 3232 illi
736 3166 1310 3250 calumniarentur,
1386 3168 1781 3250 promittunt
1845 3166 2274 3233 Herbitenses

259 3255 701 3320 vadimonium
753 3252 1123 3339 Syracusas.
1212 3218 1311 3319 Eo'
1366 3259 1793 3339 posteaquam
1844 3259 2111 3320 ventum
2158 3260 2276 3339 est,

177 3359 233 3401 ⁸⁶
260 3348 582 3429 eoguntur
646 3341 1056 3425 Aeschrioni,
1124 3342 1251 3407 hoc
1324 3347 1425 3407 est
1485 3341 1714 3428 Pipae,
1783 3347 2042 3408 tamtum
2105 3345 2275 3427 dare,

259 3435 577 3514 quantum
605 3437 748 3497 erat
777 3432 854 3496 de
880 3430 1099 3516 capite
1112 3430 1476 3516 demptum,
1512 3431 1715 3497 tuitici
1742 3431 2029 3497 modium
2049 3434 2139 3496 1—11
2162 3448 2275 3497 Dc.

252 3517 679 3586 ‘Mulierculae
705 3521 1090 3605 publicanae
1117 3519 1331 3585 noluit
1367 3542 1446 3585 ex
1483 3520 1766 3586 decumis
1801 3520 2075 3585 nimium
2111 3519 2274 3586 lucri
