2566 4016
273 210 401 277 102
756 212 834 267 IN
873 211 934 278 Q.
976 210 1370 267 CAECILIUM
1405 209 1807 265 DIVINATIO.

269 378 413 423 meo
467 356 691 423 videor
746 360 810 421 et
863 378 995 421 non
1051 356 1314 422 omnino
1372 378 1412 421 a
1457 354 1868 420 defendendis
1913 354 2289 420 hominibus

199 466 231 514 6
271 445 809 528 sublevandisque
867 444 1207 510 discedere.
1309 443 1553 519 Quodsi
1605 443 1775 509 hanc
1829 464 2092 508 causam
2150 446 2291 508 tam

269 532 593 615 idoneam,
658 537 795 598 tam
851 533 1201 618 illustrem,
1264 536 1402 597 tam
1458 553 1724 618 gravem
1777 552 1909 597 non
1963 531 2292 615 haberem,

270 620 324 685 si
381 624 495 685 aut
548 621 670 685 hoc
730 644 769 685 a
822 643 925 685 me
972 619 1173 686 Siculi
1223 642 1356 685 non
1412 620 1731 705 petissent
1777 622 1890 684 aut
1934 620 2097 684 mihi
2143 641 2289 685 cum

270 706 502 773 Siculis
568 731 762 775 causa
828 713 1052 774 tantae
1113 708 1611 774 necessitudinis·
1669 729 1801 772 non
1862 707 2290 773 intercederet
2318 733 2346 774 5

269 801 335 860 et
380 797 521 880 hoc,
569 797 739 880 quod
784 796 971 880 facio,
1018 819 1120 861 me
1165 797 1261 862 rei
1306 796 1604 881 publicae
1651 815 1846 862 causa
1889 794 2102 861 facere
2140 817 2289 881 pro·

269 884 513 967 fiterer,
560 888 633 949 ut
677 885 873 949 homo
922 885 1240 972 singulari
1285 884 1664 970 cupiditate,
1711 884 2003 968 audacia,
2050 884 2289 949 scelere

268 972 630 1056 praedituS,
692 974 872 1038 cuius
934 973 1113 1038 furta
1177 977 1372 1057 atque
1435 972 1689 1058 flagitia
1750 994 1882 1037 non
1945 973 2012 1036 in
2068 969 2289 1037 Sicilia

271 1061 501 1142 solum,
539 1062 651 1125 sed
686 1061 757 1125 in
793 1061 1059 1145 Achaia,
1096 1060 1273 1144 Asia,
1311 1059 1556 1148 Cilicia,
1600 1060 2005 1146 Pamphylia,
2040 1060 2286 1124 Romae

272 1148 545 1232 denique
610 1152 761 1214 ante
818 1151 1037 1236 oculos
1095 1150 1384 1214 omnium
1435 1149 1718 1214 maxima
1780 1149 2285 1233 turpissimaque
2318 1173 2372 1211 ιο

268 1257 625 1320 nossemus,
653 1260 756 1302 me
787 1241 1021 1324 agente
1047 1238 1116 1301 in
1144 1237 1451 1303 iudicium
1478 1240 1837 1321 vocaretur,
1867 1237 2009 1320 quis
2025 1235 2290 1301 tandem

270 1329 459 1402 esset,
498 1326 609 1409 qui
644 1347 861 1391 meum
895 1325 1141 1391 factum
1185 1329 1299 1390 aut
1327 1325 1670 1390 consilium
1697 1328 1921 1409 posset
1946 1324 2291 1410 reprehen-

271 1412 463 1478 dere‘?
538 1412 704 1487 Quid
742 1418 859 1497 est,
903 1436 1023 1499 pro
1062 1414 1251 1478 deum
1288 1414 1750 1497 hominumque
1786 1413 2007 1477 fidem!
2052 1413 2123 1476 in
2161 1434 2289 1496 quo

270 1520 391 1584 ego
445 1500 538 1565 rei
595 1502 907 1584 publicae·
937 1503 1085 1587 plus
1131 1501 1255 1567 hoc
1301 1504 1592 1587 tempore
1634 1502 1943 1586 prodesse
1997 1500 2290 1586 possim?

271 1587 423 1670 quid
463 1591 581 1672 est,
616 1589 787 1673 quod
836 1592 949 1653 aut
984 1589 1227 1673 populo
1264 1589 1561 1655 Romano
1605 1590 1856 1674 gratius
1885 1610 2026 1654 esse
2056 1590 2291 1654 debeat
2322 1612 2372 1654 15

270 1680 383 1740 aut
439 1676 629 1741 sociis
686 1678 1049 1761 exterisque
1091 1677 1478 1742 nationibus
1536 1677 1824 1763 optatius
1881 1699 2021 1742 esse
2079 1678 2291 1762 possit

270 1768 384 1828 aut
441 1765 640 1829 saluti
683 1765 1091 1850 fortunisque
1139 1766 1426 1831 omnium
1475 1766 1684 1850 magis
1731 1766 2289 1831 accommodatum

269 1853 399 1917 sit?
491 1852 869 1938 Populatae,
914 1858 1209 1937 vexatae,
1253 1854 1545 1918 funditus
1593 1874 1854 1919 eversae
1899 1854 2290 1940 provinciae,

269 1941 427 2007 socii
504 1942 1032 2029 stipendiariique
1102 1943 1332 2029 populi
1392 1942 1672 2007 Romani
1743 1942 1995 2028 afflicti,
2067 1942 2292 2007 miseri

266 2030 397 2095 iam
452 2051 582 2095 non
639 2032 872 2096 salutis
928 2053 1139 2117 spem,
1194 2032 1306 2096 sed
1361 2032 1674 2097 solacium
1725 2031 1905 2095 exitii
1952 2034 2287 2115 quaerunt.
2318 2054 2375 2095 so

197 2137 230 2185 8
269 2117 389 2192 Qui
447 2119 682 2185 iudicia
738 2141 995 2185 manere
1042 2119 1214 2204 apud
1261 2118 1550 2184 ordine'm
1597 2120 1996 2186 senatorium
2040 2120 2289 2203 volunt,

268 2211 625 2290 queruntur
690 2211 1095 2272 accusatores
1162 2228 1230 2270 se
1295 2207 1560 2273 idoneos
1633 2226 1767 2274 non
1837 2209 2103 2290 habere3
2176 2207 2290 2291 qui

268 2315 568 2359 accusare
621 2297 923 2378 possunt,
985 2294 1369 2359 iudiciorum
1425 2295 1839 2361 severitatem
1903 2296 2289 2361 desiderant.

265 2381 554 2464 Populus
601 2381 935 2446 Romanus
984 2382 1234 2468 interea
1278 2385 1545 2449 tametsi
1589 2385 1814 2449 multis
1860 2383 2288 2450 incommodis

268 2468 887 2554 difficultatibusque
948 2470 1214 2535 affectus
1270 2475 1398 2556 est,
1460 2477 1682 2537 tamen
1739 2469 1907 2536 nihil
1962 2493 2162 2555 aeque
2217 2471 2288 2537 in
2316 2494 2370 2535 25

264 2578 335 2622 re
381 2557 644 2641 publica
689 2560 881 2643 atque
927 2560 1111 2623 illam
1156 2563 1442 2625 veterem
1488 2556 1866 2626 iudiciorum
1906 2561 2038 2625 vim
2077 2560 2289 2646 gravi·

264 2648 596 2729 tatemque
642 2647 931 2731 requirit.
1002 2646 1395 2713 Iudiciorum
1433 2648 1748 2714 desiderio
1786 2649 2136 2714 tribunicia
2171 2669 2289 2733 po-

266 2737 473 2798 testas
521 2734 885 2820 efflagitata
932 2739 1047 2818 est,
1097 2736 1480 2802 iudiciorum
1526 2737 1796 2802 levitate
1833 2737 1991 2802 ordo
2032 2758 2288 2821 quoque

183 2876 186 2877 γ
266 2822 433 2887 alius
472 2823 553 2887 ad
589 2844 692 2887 res
730 2823 1104 2888 iudicandas
1132 2825 1522 2908 postulatur,
1558 2825 1842 2890 iudicum
1871 2826 2062 2910 culpa
2089 2828 2289 2908 atque

266 2911 571 2976 dedecore
619 2912 817 2977 etiam
855 2912 1217 2977 censorium
1251 2934 1508 2995 nomen,
1555 2914 1725 2996 quod
1763 2935 1833 2978 as
1884 2913 2053 2978 erius
2092 2918 2287 2978 antea
2313 2935 2368 2976 30

264 3000 506 3084 populo
553 2998 756 3063 videri
802 3001 1075 3083 solebat,
1120 2999 1188 3063 id
1230 3022 1401 3066 nunc
1444 3001 1752 3085 poscitur,
1796 3002 1819 3065 i
1907 3001 2039 3066 iam
2084 3022 2287 3086 popu·

194 3107 224 3154 9
264 3088 399 3152 lare
438 3091 504 3152 et
538 3087 886 3172 plausibile
922 3089 1170 3154 factum
1208 3092 1324 3153 est.
1396 3087 1475 3152 In
1501 3088 1624 3153 hac
1651 3088 1918 3154 libidine
1945 3089 2285 3155 hominum

261 3175 898 3260 nocentissimorum,
958 3177 1028 3242 in
1080 3176 1309 3261 populi
1360 3176 1641 3241 Romani
1696 3177 2022 3244 cotidiana
2077 3177 2287 3263 queri·

264 3264 509 3346 monia,
572 3264 955 3330 iudiciorum
1010 3263 1308 3348 infamia,
1369 3264 1574 3330 totius
1629 3266 1873 3332 ordinis
1930 3266 2284 3331 offensione

263 3371 409 3414 cum
470 3350 595 3431 hoc
658 3374 857 3418 unum
919 3352 1023 3416 his
1088 3355 1191 3417 tot
1249 3353 1672 3418 incommodis
1727 3354 2084 3419 remedium
2144 3375 2286 3418 esse
2314 3377 2368 3418 35

263 3437 648 3522 arbitrarer,
700 3444 774 3504 ut
829 3440 1123 3505 homines
1177 3440 1395 3505 idonei
1460 3444 1654 3524 atque
1717 3438 1960 3528 integri
2024 3463 2287 3507 causam

261 3524 357 3587 rei
410 3524 709 3609 publicae
763 3528 1110 3613 legumque
1166 3528 1592 3614 susciperent,
1645 3530 1856 3597 fateor
1903 3551 2006 3596 me
2052 3530 2287 3596 salutis

190 1392 233 1517 Ξ
