2566 4016
287 250 418 316 206
889 251 969 305 IN
1007 250 1065 307 C.
1094 250 1404 306 VERREM
1439 251 1594 306 ACT.
1633 252 1700 306 II.

287 417 363 460 ex
417 395 535 459 illo
591 396 803 460 omine
858 396 1109 461 urbano
1166 395 1247 460 ad
1293 395 1709 460 everrendam
1753 395 2156 483 provinciam
2199 419 2300 461 ve·

200 559 205 563 .
284 482 502 569 nerit),
549 484 774 548 statim
810 483 1113 549 Messana
1158 484 1412 549 litteras
1459 483 1812 548 Halaesam
1857 483 2066 548 mittit
2112 482 2297 568 (quas

287 591 409 656 ego
447 571 649 636 istum
684 572 755 635 in
799 570 997 637 Italia
1042 572 1503 658 conscripsisse
1551 570 1863 655 arbitror3
1905 591 2060 636 nam
2108 571 2295 638 simul
2409 572 2415 577 ’

287 662 481 742 atque
545 681 580 725 e
642 660 795 724 navi
873 680 1171 745 egressus
1248 664 1375 743 est,
1452 659 1683 744 dedit),
1760 662 1834 722 ut
1908 659 2297 725 Halaesinus

286 747 369 813 ad
433 769 501 811 se
553 747 681 813 Dio
747 748 1051 813 continuo
1114 749 1392 832 veniret3
1457 769 1525 812 se
1591 747 1668 811 de
1721 746 2080 812 hereditate
2134 749 2298 814 velle
2322 766 2349 808 5

287 857 692 920 cognoscere,
730 857 894 919 quae
923 835 1060 901 eius
1087 836 1225 901 filio
1256 859 1296 901 a
1323 836 1688 921 propinquo
1716 834 1997 920 homine,
2034 835 2298 922 Apollo-

179 936 248 985 20
287 923 445 987 doro
482 922 869 1009 Laphirone,
904 924 1206 989 venisset.
1277 921 1379 988 Ea
1416 927 1577 1006 erat,
1612 923 1872 1007 iudices,
1917 924 2298 1010 pergrandis

283 1011 572 1095 pecunia.
651 1011 779 1076 Hic
824 1016 925 1076 est
968 1012 1123 1095 Dio,
1175 1012 1416 1077 iudices
1426 1062 1444 1095 ,
1488 1032 1659 1076 nune
1704 1011 2013 1076 beneficio
2062 1011 2133 1088 Q.
2171 1011 2298 1076 Me·

226 1109 237 1120 ‘
283 1098 429 1163 telli
483 1098 641 1165 civis
687 1100 1019 1165 Romanus
1073 1100 1315 1184 factus;
1371 1100 1449 1164 de
1506 1121 1632 1183 quo
1688 1100 1914 1164 multis
1969 1099 2126 1164 viris
2171 1100 2298 1184 pri·

284 1187 507 1252 mariis
531 1188 810 1254 testibus
832 1190 1318 1272 multorumque
1336 1187 1581 1253 tabulis
1599 1187 1786 1252 vobis
1805 1187 2023 1273 priore
2047 1188 2298 1253 actione
2327 1207 2380 1248 ιο

285 1275 445 1340 satis
481 1275 727 1341 factum
766 1280 883 1361 est,
926 1274 1039 1340 HS
1079 1277 1331 1342 deciens
1376 1279 1787 1341 numeratum
1834 1296 1992 1360 esse,
2036 1281 2112 1342 ut
2158 1297 2297 1342 eam

284 1384 564 1447 causam,
609 1365 678 1428 in
715 1386 843 1447 qua
876 1387 959 1429 ne
996 1365 1380 1430 tenuissima
1417 1364 1675 1448 quidem
1713 1363 2034 1428 dubitatio
2075 1368 2299 1449 posset

284 1471 443 1533 esse,
477 1450 608 1515 isto
639 1456 1066 1536 cognoscente
1096 1453 1449 1537 obtineret3
1484 1457 1822 1537 praeterea
1851 1473 2083 1537 greges
2119 1453 2298 1517 nobi-

279 1538 678 1602 lissimorum
735 1561 1048 1623 equorum
1103 1540 1394 1624 abactos,
1450 1540 1707 1626 argenti
1754 1541 2086 1624 vestisque
2133 1544 2298 1606 stra-

284 1625 476 1711 gulae
515 1626 689 1690 domi
726 1628 897 1711 quod
933 1627 1148 1712 fuerit,
1189 1650 1331 1693 esse
1369 1629 1719 1713 direptum3
1763 1628 1861 1693 ita
1894 1626 2007 1693 HS
2046 1628 2296 1695 deciens
2328 1646 2382 1688 1⁵

283 1713 357 1789 Q.
393 1712 697 1798 Dionem,
750 1716 922 1799 quod
965 1715 1294 1781 hereditas
1341 1716 1399 1781 ei
1446 1717 1759 1799 venisset,
1803 1717 2054 1781 nullam
2101 1717 2298 1782 aliam

175 1814 239 1864 21
282 1802 365 1866 ob
404 1802 668 1869 cauSam
702 1803 1074 1887 perdidisse.
1139 1804 1352 1881 Quid?
1397 1804 1557 1870 haec
1592 1804 1917 1870 hereditas
1956 1827 2083 1889 quo
2120 1828 2298 1891 prae-

279 1894 423 1955 tore
477 1890 709 1956 Dionis
764 1892 903 1957 filio
959 1893 1268 1958 venerat?
1359 1891 1634 1976 Eodem,
1701 1914 1827 1977 quo
1882 1893 2165 1978 Anniae,
2225 1892 2297 1959 P.

279 1977 457 2044 Anni
504 1980 821 2047 senatoris
867 1981 1069 2066 filiae,
1125 1981 1375 2066 eodem,
1424 2002 1551 2066 quo
1596 1980 1682 2046 M.
1720 1980 1947 2068 Liguri
1994 1982 2297 2067 senatori,

280 2065 349 2132 C.
388 2066 748 2135 Sacerdote.
832 2070 1043 2146 Quid?
1106 2075 1249 2135 tum
1303 2091 1493 2135 nemo
1550 2070 1865 2134 molestus
1910 2070 2107 2135 Dioni
2159 2070 2296 2136 fue·
2329 2089 2385 2130 πο

279 2157 428 2221 rat?
491 2155 644 2222 Non
669 2158 819 2241 plus
848 2180 1043 2241 quam
1069 2157 1299 2243 Liguri
1326 2155 1671 2223 Sacerdote
1703 2161 2020 2242 praetore.
2086 2158 2296 2234 Quid?

281 2243 364 2308 ad
389 2243 662 2309 Verrem
700 2245 845 2327 quis
883 2245 1160 2310 detulit?
1223 2243 1463 2328 Nemo3
1503 2246 1631 2310 nisi
1666 2245 1838 2310 forte
1885 2246 2298 2312 existumatis

202 2336 242 2400 8
282 2331 341 2395 ei
370 2332 906 2415 quadruplatores
944 2333 1027 2397 ad
1060 2332 1304 2397 fretum
1339 2337 1602 2418 praesto
1637 2332 1855 2399 fuisse.
1927 2333 2033 2398 Ad
2067 2336 2298 2400 urbem

281 2440 426 2483 cum
482 2423 682 2502 esset,
738 2420 985 2485 audivit
1037 2420 1235 2486 Dioni
1290 2422 1544 2487 cuidam
1600 2420 1815 2488 Sicul'o
1870 2444 2298 2508 permagnam

278 2505 534 2570 venisse
586 2506 1042 2592 hereditatem3
1096 2508 1399 2575 heredem
1447 2513 1698 2575 statuas
1743 2511 1993 2575 iussum
2039 2532 2178 2576 esse
2225 2511 2299 2575 in
2328 2528 2384 2569 8⁵

277 2593 423 2660 foro
459 2616 728 2680 ponere3
770 2595 899 2660 nisi
934 2597 1277 2682 posuisset,
1322 2597 1562 2663 Veneri
1597 2597 1917 2682 Erycinae
1956 2620 2095 2664 esse
2132 2599 2299 2664 mul-

277 2685 507 2748 tatum.
573 2683 862 2748 Tametsi
898 2685 1152 2770 positae
1190 2690 1407 2751 essent
1445 2707 1522 2751 ex
1560 2690 1972 2770 testamentO,
2017 2688 2299 2773 putabat

277 2775 515 2855 tamen,
563 2773 870 2855 quoniam
907 2772 1181 2839 Veneris
1226 2796 1463 2839 nomen
1512 2778 1700 2859 esset,
1747 2796 2009 2840 causam
2055 2775 2298 2840 calum·

170 2870 239 2920 22
276 2859 423 2924 niae
463 2881 530 2924 se
575 2864 1001 2944 reperturum.
1072 2861 1304 2946 Itaque
1350 2864 1641 2947 apponit,
1686 2863 1797 2946 qui
1842 2867 2027 2948 petat
2054 2863 2299 2928 Veneri

275 2946 594 3032 Erycinae
630 2949 817 3013 illam
853 2949 1300 3015 hereditatem.
1364 2949 1517 3015 Non
1555 2951 1724 3015 enim
1763 2955 2070 3034 quaestor
2105 2952 2298 3036 petit,
2328 2968 2388 3009 ⁸⁰

275 3039 350 3100 ut
387 3041 489 3101 est
534 3038 948 3121 consuetudo,
992 3038 1067 3122 is,
1114 3038 1226 3122 qui
1269 3037 1554 3122 Erycum
1599 3042 1888 3103 montem
1934 3040 2300 3124 obtinebat,

275 3124 443 3209 petit
479 3122 766 3190 Naevius
805 3124 1050 3209 Turpio
1090 3126 1372 3210 quidam,
1416 3126 1607 3192 istius
1646 3148 1948 3193 excursor
1994 3132 2062 3192 et
2106 3127 2301 3193 emis·

278 3212 503 3296 sariuS,
538 3212 736 3278 homo
767 3213 1056 3278 omnium
1084 3235 1163 3277 ex
1192 3214 1313 3279 illo
1351 3218 1672 3280 conventu
1709 3215 2299 3300 quadruplatorum

276 3298 678 3384 deterrimus,
717 3298 786 3365 O.
816 3298 1161 3367 Sacerdote
1188 3306 1490 3387 praetore
1527 3303 1991 3369 condemnatus
2028 3303 2301 3368 iniuria—

273 3406 436 3447 rum.
517 3386 779 3453 Etenim
836 3392 978 3454 erat
1025 3389 1160 3454 eius
1206 3390 1383 3456 modi
1430 3413 1649 3476 causa,
1703 3395 1779 3456 ut
1822 3392 1963 3477 ipse
2009 3396 2302 3477 praetor,
2333 3409 2396 3452 ss

275 3491 423 3569 cum
461 3481 796 3553 quaereret
834 3476 1388 3563 calumniatorem,
1432 3480 1628 3564 paulo
1666 3483 1889 3545 tamen
1929 3480 2305 3545 considera-

274 3559 509 3621 tiorem
545 3561 828 3642 reperire
871 3585 1002 3628 non
1046 3570 1289 3649 posset.
1368 3567 1417 3650 †
1461 3566 1650 3634 Hunc
1695 3568 2024 3633 hominem
2051 3567 2307 3633 Veneri
