2566 4016
370 194 504 255 400
966 191 1048 246 IN
1083 190 1144 248 G.
1171 189 1481 246 VERREM
1517 189 1676 246 ACT.
1713 189 1781 245 n.

374 336 587 400 solum
643 339 1002 420 oporteret,
1061 333 1174 400 sed
1229 334 1427 399 etiam
1480 354 1739 399 necesse
1794 336 1993 415 esset,
2045 335 2412 416 tamquam

373 424 497 489 hoc
535 427 796 489 senatus
833 423 1206 488 mandasset
1249 423 1657 507 populusque
1693 421 2023 486 Romanus
2069 420 2410 504 iussisset,

372 512 470 576 ita
532 512 866 596 continuo,
931 512 1191 596 signum
1244 514 1323 576 ut
1376 510 1838 575 demolirentur
1894 512 1960 572 et
2014 507 2408 573 Messanam

268 610 337 660 85
374 597 820 685 deportarem,
863 600 1227 685 imperavit.
1310 597 1496 675 Quod
1541 620 1686 663 cum
1731 597 1893 680 illis,
1940 596 2052 680 qui
2099 596 2408 681 aderant,

372 686 739 774 indignum,
803 688 915 771 qui
970 686 1347 770 audiebant,
1409 685 1783 752 incredibile
1838 685 2193 768 videretur,
2257 705 2407 749 non
2433 704 2460 745 5

375 781 475 840 est
504 777 586 840 ab
614 777 746 840 isto
774 776 986 860 primo
1013 775 1132 840 illo
1161 775 1444 840 adventu
1470 777 1969 859 perseveratum.
2034 771 2406 837 Discedens

373 864 642 929 mandat
702 881 1028 948 proagoro
1086 860 1389 946 Sopatro,
1455 862 1635 927 cuius
1693 862 1894 926 verba
1948 861 2251 945 audistis,
2321 866 2407 926 ut

374 950 788 1035 demoliatur3
862 973 1006 1017 cum
1069 953 1423 1033 recusaret,
1492 950 1908 1015 vehementer
1968 949 2261 1014 minatur
2331 954 2407 1015 et

374 1039 600 1104 statim
659 1061 738 1104 ex
794 1040 913 1104 illo
970 1039 1206 1123 oppido
1260 1038 1710 1124 proficiscitur.
1799 1036 2026 1102 Refert
2080 1055 2218 1101 rem
2277 1038 2406 1102 i-lle

374 1127 457 1192 ad
481 1131 804 1213 senatum3
827 1127 1242 1192 vehementer
1267 1126 1549 1211 undique
1576 1126 1983 1192 reclamatur.
2030 1124 2131 1190 Ne
2160 1125 2405 1211 multa,
2437 1146 2482 1184 ιο

370 1216 612 1281 iterum
647 1217 774 1281 iste
811 1215 893 1281 ad
928 1215 1080 1281 illos
1119 1215 1455 1299 aliquanto
1502 1218 1654 1299 post
1697 1214 1893 1297 venit,
1940 1213 2196 1298 quaerit
2242 1233 2403 1279 con-

372 1305 557 1369 tinuo
622 1303 700 1368 de
765 1304 971 1390 signo.
1060 1302 1513 1387 Respondetur
1575 1302 1636 1367 ei
1699 1306 1998 1368 senatum
2059 1322 2193 1368 non
2246 1324 2402 1386 per-

371 1392 659 1474 mittere3
687 1413 966 1477 poenam
995 1391 1230 1476 capitis
1257 1390 1702 1473 constitutam,
1739 1391 1796 1455 si
1831 1390 2081 1455 iniussu
2118 1394 2400 1455 senatus

373 1473 715 1562 quisquam
798 1478 1157 1563 attigisset3
1239 1478 1432 1543 simul
1514 1478 1745 1564 religio
1822 1482 2398 1544 commemoratur.

371 1566 539 1630 Tum
574 1566 725 1630 iste:
773 1565 1033 1641 ‘Quam
1071 1566 1260 1631 mihi
1306 1566 1768 1652 religionem
1812 1581 2115 1650 narras,
2161 1585 2398 1650 quam
2430 1584 2478 1625 15

370 1675 719 1739 poenam,
783 1676 1001 1738 quem
1066 1653 1461 1720 senatum?
1523 1656 1777 1719 vivum
1832 1657 1908 1719 te
1956 1675 2104 1719 non
2150 1655 2398 1720 relin-

373 1764 620 1827 quam3
685 1743 1016 1808 moriere
1074 1743 1351 1828 virgis,
1413 1742 1568 1818 nisi
1627 1742 1816 1806 mihi
1871 1742 2176 1829 signum
2228 1746 2399 1808 tra·

374 1829 622 1896 ditur?
697 1828 971 1915 Sopater
1014 1830 1251 1896 iterum
1296 1830 1457 1895 flens
1504 1829 1587 1895 ad
1632 1835 1929 1896 senatum
1974 1847 2112 1896 rem
2158 1830 2397 1916 defert,

371 1919 565 1984 istius
601 1920 1024 2005 cupiditatem
1070 1920 1406 2003 minasque
1455 1919 1877 1983 demonstrat.
1949 1916 2227 1984 Senatus
2276 1917 2397 1985 So-

372 2012 564 2093 patro
621 2031 1002 2093 responsum
1055 2007 1309 2073 nullum
1365 2007 1504 2092 dat,
1560 2006 1672 2073 sed
1726 2013 2087 2074 commotus
2132 2013 2397 2092 pertur-
2426 2027 2476 2066 ὀ

270 2143 356 2208 40
373 2097 696 2180 batusque
726 2096 1013 2163 discedit.
1075 2096 1199 2160 Ille
1235 2096 1557 2181 praetoris
1595 2097 1942 2162 arcessitus
1978 2096 2208 2162 nuntio
2245 2119 2396 2162 rem

269 2220 335 2269 86
375 2184 796 2268 demonstrat,
840 2188 1041 2269 negat
1075 2184 1212 2248 ullo
1256 2185 1448 2249 modo
1493 2185 1636 2250 fieri
1679 2206 1887 2269 posse.
1961 2183 2178 2269 Atque
2222 2185 2394 2251 haec
2525 2222 2526 2233 κ

373 2269 568 2355 (nihil
643 2272 813 2336 enim
885 2272 1535 2356 praetermittendum
1599 2272 1676 2337 de
1747 2273 1937 2338 istius
2004 2273 2395 2357 inpudentia

371 2356 657 2444 videtur)
696 2357 1059 2443 agebantur
1102 2360 1172 2424 in
1216 2365 1535 2425 conventu
1579 2361 1799 2445 palam
1846 2361 1923 2425 de
1971 2361 2136 2426 sella
2182 2383 2259 2427 ac
2310 2362 2392 2427 de

268 2445 378 2514 (86)
416 2446 559 2510 loco
617 2445 967 2530 superiore.
1055 2445 1222 2512 Erat
1274 2447 1483 2512 hiems
1532 2470 1811 2533 summa,
1864 2453 2252 2534 tempestas,
2313 2455 2394 2517 ut
2423 2467 2473 2508 2⁵
2525 2524 2526 2529 γ

369 2533 584 2616 ipsum
649 2531 998 2619 Sopatrum
1072 2535 1280 2600 dicere
1349 2536 1646 2619 audistis,
1718 2536 1919 2621 perfri
1972 2537 2074 2602 ‘da
2082 2556 2109 2621 ,·
2171 2537 2395 2604 imber

369 2622 711 2706 maximus,
747 2643 892 2688 cum
928 2623 1054 2688 iste
1090 2623 1371 2708 imperat
1407 2625 1767 2709 lictoribuS,
1801 2628 1876 2690 ut
1963 2628 2267 2710 opatrum
2310 2627 2393 2693 de

369 2709 643 2795 porticu,
680 2711 749 2774 in
779 2731 906 2795 qua
936 2711 1076 2795 ipse
1114 2711 1399 2795 sedebat,
1434 2714 1856 2798 praecipitem
1891 2714 1960 2778 in
1995 2715 2213 2778 forum
2251 2714 2393 2780 dei-

370 2798 545 2864 ciant
567 2800 937 2884 nudumque
960 2799 1381 2866 constituant.
1425 2798 1554 2864 Vix
1583 2806 1724 2866 erat
1750 2802 1873 2867 hoc
1899 2802 2092 2884 plane
2124 2802 2388 2884 [etiam]

368 2887 778 2970 imperatum,
825 2909 969 2952 cum
1013 2887 1201 2953 illum
1250 2888 1606 2972 spoliatum
1652 2890 2091 2975 stipatumque
2138 2891 2390 2956 lictori·
2421 2909 2476 2949 so

367 2974 491 3039 bus
528 2973 796 3040 videres.
870 2973 1107 3041 Omnes
1142 2975 1209 3039 id
1250 2975 1392 3040 fore
1438 2978 1777 3062 putabant,
1821 2981 1895 3042 ut
1940 2979 2137 3042 miser
2183 2983 2389 3064 atque

367 3060 674 3128 innocens
710 3063 916 3149 virgis
954 3064 1356 3149 caederetur3
1394 3064 1631 3129 fefellit
1666 3066 1772 3131 hic
1807 3066 2101 3132 homines
2141 3067 2390 3150 opinio.

366 3147 594 3235 Virgis
631 3150 757 3215 iste
794 3151 1089 3217 caederet
1126 3152 1265 3217 sine
1304 3175 1498 3219 causa
1539 3155 1784 3220 socium
1828 3153 2054 3240 populi
2098 3153 2390 3221 Romani

367 3240 560 3320 atque
625 3238 948 3305 amicum?
1044 3238 1196 3307 Non
1259 3262 1463 3325 usque
1526 3263 1601 3308 eo
1667 3246 1767 3307 est
1818 3242 2183 3327 improbus3
2248 3265 2390 3309 non

367 3325 584 3388 omnia
657 3330 809 3390 sunt
879 3328 950 3392 in
1019 3349 1149 3393 uno
1221 3330 1410 3413 vitia3
1480 3351 1833 3415 numquam
1894 3331 2022 3395 fuit
2080 3331 2385 3398 crudelis,
2417 3351 2468 3391 ⁸5

363 3407 625 3508 Leniter
652 3413 980 3480 hominem
1008 3416 1484 3501 clementerque
1513 3419 1776 3502 accepit.
1838 3419 2195 3503 Equestres
2228 3424 2385 3486 sunt

362 3494 574 3558 medio
621 3498 690 3561 in
733 3499 878 3565 foro
925 3502 1382 3569 Marcellorum
1430 3508 1702 3588 statuae,
1750 3507 1917 3572 sicut
1960 3507 2097 3572 fere
2144 3509 2383 3574 ceteris
