2566 4016
748 238 827 293 m
864 239 925 305 Q.
956 239 1357 297 CAECILIUM
1393 240 1795 297 DIVINATIO.
2189 245 2273 310 99

261 383 672 468 dissolveret,
735 384 1051 467 siquidem
1111 385 1247 449 sine
1305 386 1600 451 cautione
1657 390 1722 451 et
1775 388 2274 472 repromissione

256 470 466 624 {3stng
509 472 744 624 &inus
808 471 877 535 id
932 470 1217 537 Fannius
1282 474 1606 558 societati,
1679 474 1802 539 hoc
1863 479 1963 540 est
2021 476 2274 561 Roscio,

304 582 337 624 e
385 581 419 625 e
470 581 509 625 a

808 647 1092 728 [Amissa
1134 651 1281 711 sunt
1322 667 1448 714 non
1484 653 1732 732 pauca]

1060 894 1482 906 ——-.-

784 1140 881 1212 M.
931 1140 1216 1213 TULLI
1271 1141 1766 1215 CICERONIS

383 1303 525 1388 IN
598 1300 686 1405 Q.
756 1302 1540 1389 OAEOILIUM
1613 1302 2159 1408 ORATIO,

678 1468 920 1547 QUAE
965 1468 1433 1537 DIVINATIO
1478 1470 1859 1538 DIOITUR.

537 1755 1275 1819 PSEUDO-ASCONI
1329 1759 2000 1819 ARGUMENTUM.

404 1872 501 1928 Cn.
517 1872 787 1942 Pompeio
812 1871 1056 1942 primum
1078 1875 1137 1927 et
1157 1873 1231 1927 M.
1249 1872 1447 1928 Crasso
1470 1889 1608 1928 coss.
1658 1872 1713 1927 C.
1728 1874 1926 1928 Verres
1952 1874 2274 1943 perfunctus

252 1946 581 2016 quaestura,
617 1942 920 2014 legatione,
955 1946 1221 2014 praetura
1254 1943 1484 2008 urbana,
1521 1945 1681 2013 patre
1720 1941 1777 1996 C.
1806 1942 1981 1997 Verre
2019 1946 2077 1997 et
2113 1961 2273 2014 prae-

245 2017 478 2072 textato
506 2014 623 2069 filio
653 2016 713 2069 et
746 2014 866 2068 filia
897 2017 1090 2084 nupta,
1126 2029 1358 2068 uxorem
1391 2014 1622 2079 habens,
1659 2029 1786 2067 cum
1823 2014 2183 2070 successisset
2214 2016 2275 2070 in

251 2086 458 2144 Sicilia
476 2083 532 2139 C.
551 2084 840 2140 Sacerdoti
859 2083 1109 2155 praetori
1128 2099 1363 2152 eamque
1385 2100 1499 2138 non
1517 2082 1627 2137 sibi
1649 2083 1977 2139 succedente
1988 2084 2150 2140 Arrio
2173 2103 2275 2156 per

246 2155 566 2213 triennium
589 2155 867 2210 tenuisset
891 2157 1060 2223 atque
1087 2154 1149 2208 in
1175 2170 1244 2209 ea
1267 2153 1469 2208 fuisset
1492 2153 1808 2222 libidinose,
1837 2171 2004 2210 avare
2038 2156 2272 2210 crudeli-

245 2233 454 2296 terque
483 2228 755 2294 versatus,
794 2226 1124 2280 succedente
1149 2225 1380 2280 tandem
1407 2225 1469 2279 in
1496 2225 1694 2280 eadem
1728 2225 2019 2295 provincia
2043 2226 2273 2282 Metello
2314 2259 2322 2265 ·

246 2297 698 2369 repetundarum
721 2312 849 2350 reus
879 2296 950 2350 ab
979 2295 1180 2350 Siculis
1250 2296 1526 2351 ostulatus
1556 2298 1665 2364 est,
1702 2296 1800 2365 qui
1826 2313 2017 2352 omnes
2049 2299 2275 2368 praeter

251 2371 642 2440 Syracusanos
680 2383 746 2420 ac
772 2366 1134 2422 Mamertinos
1169 2315 1245 2420 ff
1275 2367 1522 2421 Tullium
1556 2367 1658 2422 illo
1693 2369 1945 2438 tempore
1979 2369 2273 2424 florentem

249 2437 678 2495 defensionibus
698 2437 1007 2492 amicorum
1025 2438 1098 2492 ad
1124 2438 1496 2492 accusandum
1525 2438 1856 2494 descendere
1887 2442 2276 2511 compulerunt

249 2507 1257 2636 ἒῖῗωέἠὲἓῒὲθὲωὲθὲωὲἓῗὲἓὲῗθ
1282 2509 1628 2647 θὶοΡξὲῖῗω
1638 2510 2171 2636 ’01303123335535’1
2213 2512 2276 2635 ἐξ

249 2652 361 2707 ma
408 2649 687 2717 oratione,
742 2666 910 2717 quam
953 2647 1207 2718 Lilybaei
1253 2649 1478 2716 habuit,
1529 2622 1709 2704 multa
1751 2650 1821 2705 iis
1869 2651 2111 2722 benigne
2135 2624 2273 2720 ’pro-

252 2720 520 2775 misisset.
584 2719 839 2774 Accessit
880 2718 970 2773 his
1014 2735 1129 2773 non
1163 2718 1430 2788 ignobilis
1461 2719 1654 2774 futura
1688 2720 1815 2775 ideo
1854 2722 1922 2776 de
1948 2721 2123 2775 Verre
2159 2720 2273 2774 vic-

252 2789 436 2860 toria,
487 2790 622 2859 quia
667 2807 702 2844 a
745 2789 1015 2858 Metellis,
1073 2789 1424 2859 Scipionibus
1473 2792 1531 2844 et
1579 2790 1771 2845 multis
1820 2791 1945 2845 aliis
1990 2790 2272 2846 nobilibus

252 2860 397 2917 viris
449 2863 507 2916 et
548 2860 850 2942 praecipue
898 2861 969 2915 ab
1015 2859 1318 2915 Hortensio
1363 2860 1488 2929 ipso
1535 2860 1946 2929 defenderetur,
2003 2861 2169 2915 facile
2217 2863 2275 2915 et

251 2931 511 3004 principe
557 2948 618 2984 in
663 2933 861 2986 senatu
895 2934 1126 3001 propter
1159 2930 1518 2985 nobilitatem
1554 2933 1613 2986 et
1644 2931 1708 2986 in
1741 2931 1864 2986 foro
1902 2931 1974 2986 ob
2013 2932 2273 2999 eloquen-

251 3004 401 3058 tiam
443 3018 578 3072 rege
624 3017 919 3057 causarum
964 3004 1022 3056 et
1066 3001 1264 3056 eodem
1306 3001 1531 3056 consule
1569 3002 1864 3072 designato
1902 3019 2028 3055 cum
2065 3002 2127 3066 Q.
2157 3001 2273 3055 Me-

250 3074 394 3129 tello
407 3116 422 3142 ,
487 3073 662 3127 fratre
717 3072 1096 3140 Metellorum,
1162 3072 1392 3126 alterius
1445 3072 1721 3141 praetoris
1778 3071 1977 3139 Siculi,
2043 3071 2274 3127 alterius

250 3142 535 3215 praetoris
571 3142 788 3198 urbani.
854 3142 957 3196 His
984 3142 1069 3197 ita
1096 3142 1415 3197 constitutis
1445 3143 1664 3197 exstitit
1690 3143 1751 3208 Q.
1774 3141 2048 3197 Caecilius
2080 3140 2274 3212 Niger,

254 3217 425 3270 domo
466 3212 711 3284 Siculus,
759 3215 818 3268 et
853 3215 1116 3282 quaestor
1141 3212 1333 3268 Verris
1371 3216 1429 3267 et
1465 3213 1738 3281 eiusdem,
1776 3214 1841 3267 ut
1874 3212 1996 3282 ipse
2033 3212 2274 3282 dicebat,

251 3284 535 3353 inimicus,
574 3283 671 3352 qui
700 3300 759 3338 se
785 3283 975 3353 potius
1003 3285 1385 3338 accusatorem
1414 3285 1776 3338 contenderet
1812 3282 2078 3337 constitui
2116 3299 2275 3354 opor-

249 3361 374 3411 tere
411 3356 516 3409 has
555 3353 791 3409 afferens
828 3371 1050 3423 causas,
1101 3371 1296 3421 unam,
1343 3354 1493 3422 quod
1530 3355 1601 3408 ab
1639 3370 1705 3408 eo
1740 3354 1926 3408 laesus
1966 3356 2024 3409 et
2061 3355 2132 3409 ob
2168 3356 2277 3410 hoc

251 3426 375 3482 iure
401 3425 491 3480 illi
519 3424 595 3480 sit
623 3424 901 3492 inimicus,
938 3441 1109 3493 quare
1143 3423 1563 3494 praevaricator
1600 3440 1719 3479 esse
1755 3440 1869 3478 non
1903 3425 2100 3495 possit,
2138 3427 2275 3481 alte-

251 3514 417 3620 {aa
451 3494 2277 3638 211211-0322„meires?siesse&satiassem

988 3674 1138 3784 ᾔει-,μ
1153 3609 1213 3710 §A
1227 3608 1510 3776 ὅζὲζῖἱν
1781 3662 1810 3711 ’1
1823 3655 1854 3688 *

1073 3788 1419 3834 ΟΧΡΟΗΒ

927 3942 931 3945 -
973 3882 1185 3977 Q!
1201 3859 1556 3981 sesses
