2566 4016
926 238 1081 294 CAP.
1111 247 1288 295 9-12
1326 246 1357 307 ς
1394 246 1617 296 26—-33,
2180 243 2267 306 91

250 401 519 449 vorsum
579 382 847 466 produci
904 405 1097 467 posse
1152 383 1658 448 arbitrabamur.
1757 381 1828 449 Si
1879 386 2130 452 veniret
2186 387 2268 451 ab

252 468 539 553 Statilio,
576 471 842 535 tametsi
880 472 1154 537 artificio
1191 471 1499 547 Roscium
1537 475 1891 557 superaret,
1938 473 2269 558 adspicere

249 579 445 623 nemo
510 562 762 643 posset3
827 579 1017 623 nemo
1083 560 1278 644 enim,
1345 560 1512 624 sicut
1575 581 1654 624 ex
1714 560 2014 645 improbo
2079 566 2268 645 patre

248 647 537 732 probum
587 646 796 710 filium
848 648 1056 731 nasci,
1111 648 1203 711 sic
1250 669 1291 712 a
1335 648 1618 732 pessimo
1665 648 1981 714 histrione
2026 649 2269 713 bonum

191 751 226 793 s
251 734 631 800 comoedum
694 734 838 798 fieri
899 754 1090 819 posse
1143 735 1565 800 existimaret.
1654 737 1821 812 Quia
1875 737 2175 802 veniebat
2231 759 2270 801 a

248 822 518 906 Roscio,
582 822 734 907 plus
799 822 997 887 etiam
1062 824 1252 905 scire,
1317 845 1512 908 quam
1575 823 1847 909 sciebat,
1908 825 2269 890 videbatur.

251 909 442 986 Quod
502 910 661 974 item
718 931 925 994 nuper
975 911 1045 975 in
1096 910 1300 976 Erote
1353 912 1658 975 comoedo
1712 933 1836 977 usu
1888 913 2093 996 venit3
2158 912 2270 997 qui
2293 910 2371 973 11

247 1001 683 1083 posteaquam
719 1019 754 1061 e
791 1019 1023 1063 scaena
1056 1020 1191 1064 non
1227 998 1420 1064 modo
1458 998 1688 1083 sibilis,
1734 1000 1846 1064 sed
1884 1001 2082 1065 etiam
2118 1022 2270 1066 con-

249 1086 420 1151 vicio
477 1083 970 1170 explodebatur,
1026 1086 1193 1151 sicut
1245 1087 1318 1150 in
1371 1107 1553 1151 aram
1607 1086 1901 1171 confugit
1954 1088 2024 1150 in
2075 1088 2267 1152 huius

168 1189 228 1232 ιο
247 1174 548 1256 domum,
594 1173 1032 1259 disciplinam,
1073 1173 1537 1258 patrocinium,
1578 1195 1817 1238 nomen
1859 1174 2081 1257 itaque
2126 1196 2268 1258 per-

247 1262 440 1326 ‘brevi
487 1265 813 1346 tempore,
867 1262 979 1345 qui
1023 1281 1106 1325 ne
1149 1261 1220 1324 in
1261 1260 1634 1326 novissimis
1683 1260 1939 1344 quidem
1986 1264 2130 1325 erat
2173 1261 2267 1324 lu’-

252 1349 640 1432 strionibus,
696 1349 779 1413 ad
827 1350 1077 1434 ⁴primos
1131 1348 1428 1434 pervenit
1482 1347 1841 1413 comoedos,
1933 1347 2112 1425 Quae
2163 1370 2267 1413 res

252 1436 490 1502 extulit
555 1438 745 1501 eum?
834 1435 986 1502 Una
1048 1435 1523 1502 commendatio
1586 1436 1807 1520 huius3
1876 1436 1987 1521 qui
2049 1440 2269 1502 tamen

251 1523 633 1611 Panurgum
668 1524 876 1608 illum,
919 1546 1053 1590 non
1088 1525 1300 1591 solum
1337 1528 1412 1589 ut
1446 1525 1642 1591 Rosci
1679 1524 2033 1610 discipulus
2067 1525 2270 1590 fuisse

169 1629 226 1671 1⁵
254 1613 599 1697 diceretur,
655 1612 917 1677 domum
969 1613 1238 1697 recepit,
1287 1612 1400 1677 sed
1443 1612 1642 1679 etiam
1689 1635 1942 1678 summo
1988 1635 2135 1678 cum
2178 1614 2270 1679 la-

253 1703 430 1784 bore,
477 1701 812 1765 stomacho
852 1701 1237 1785 miseriaque
1276 1700 1529 1765 erudiit.
1610 1700 1784 1790 Nam
1823 1722 1950 1785 quo
1998 1701 2268 1785 quisque

255 1793 361 1853 est
415 1789 748 1855 sollertior
794 1791 861 1852 et
903 1788 1330 1874 ingeniosior,
1384 1788 1510 1852 hoc
1556 1789 1743 1854 docet
1787 1789 2154 1852 iracundius
2203 1792 2269 1852 et

255 1876 675 1959 laboriosius3
722 1876 893 1959 quod
928 1877 1101 1941 enim
1140 1876 1281 1960 ipse
1329 1875 1625 1940 celeriter
1670 1875 1966 1959 arripuit,
2010 1874 2076 1938 id
2122 1896 2269 1939 cum

251 1964 441 2030 tarde
478 1963 724 2050 percipi
757 1963 955 2048 videt,
1000 1963 1442 2028 discruciatur.
1513 1962 1720 2027 Paulo
1757 1962 2018 2046 longi-us
2056 1962 2266 2028 oratio

173 2068 229 2112 20
254 2074 402 2117 mea
437 2056 748 2138 provecta
788 2056 889 2116 est
925 2052 1049 2117 hac
1086 2050 1163 2115 de
1209 2071 1423 2134 causa,
1467 2053 1544 2114 ut
1588 2049 2025 2115 condicionem
2074 2051 2268 2115 socie-

252 2141 417 2207 taffis
465 2141 811 2226 diligenter
857 2137 1351 2225 cognosceretis.

389 2228 568 2304 Quae
611 2228 839 2292 deinde
886 2230 1040 2292 sunt
1085 2225 1473 2292 consecuta?
1538 2223 1994 2311 ‘Panurgum',
2037 2225 2269 2309 inquit,

254 2316 460 2383 ‘hunc
523 2336 780 2380 servum
842 2336 1275 2399 communem,
1340 2315 1414 2392 Q.
1460 2313 1724 2379 Flavius
1784 2312 2268 2396 Tarquiniensis

249 2405 519 2489 quidam
568 2403 911 2468 interfecit.
991 2403 1070 2466 In
1112 2403 1282 2468 hanc
1325 2424 1464 2466 rem
1475 2402 1515 2487 ⁹,
1568 2401 1812 2486 inquit,
1868 2401 2002 2466 ‘me
2048 2403 2270 2488 cogni-

172 2512 228 2553 25
255 2497 466 2558 torem
512 2491 765 2556 dedisti.
843 2491 992 2555 Lite
1036 2493 1431 2573 contestata,
1484 2489 1720 2554 iudicio
1768 2489 1987 2554 damni
2030 2491 2270 2555 iniuria

256 2580 611 2646 constituto
651 2582 741 2642 'tu
793 2579 932 2643 sine
987 2600 1090 2643 me
1135 2597 1281 2643 cum
1326 2576 1554 2642 Flavio
1602 2576 1938 2660 decidisti?
2027 2577 2269 2642 Utrum

249 2687 377 2752 pro
406 2666 673 2732 dimidia
697 2670 887 2750 parte
918 2687 1001 2730 an
1034 2687 1154 2750 pro
1192 2668 1337 2730 tota
1369 2665 1691 2730 societate?
1735 2665 1994 2749 planius
2031 2664 2267 2728 dicam:

254 2758 477 2819 utrum
502 2778 622 2841 pro
660 2776 763 2818 me
801 2775 886 2819 an
922 2756 987 2817 et
1024 2774 1141 2837 pro
1179 2775 1283 2817 me
1321 2755 1386 2817 et
1422 2774 1542 2837 pro
1578 2753 1689 2816 te‘?
1752 2751 1880 2816 Pro
1917 2772 2047 2834 me3
2084 2751 2271 2834 potui

253 2845 552 2928 exemplo
605 2843 991 2924 multorum3
1046 2841 1296 2905 licitum
1352 2844 1452 2904 est
1495 2840 1662 2923 iure3
1713 2838 2006 2904 fecerunt
2051 2838 2269 2921 multi3

251 3023 321 3084 et
376 3019 585 3102 aufer,
650 3018 822 3102 quod
876 3017 1172 3101 debetur3
1235 3036 1422 3080 suam
1477 3015 1745 3098 quisque
1798 3017 2055 3098 partem
2107 3012 2268 3076 iuris

247 3107 585 3192 possideat
613 3110 680 3170 et
704 3108 1150 3190 persequatur.
1179 3138 1267 3150 ——
1295 3102 1389 3168 At
1414 3103 1586 3168 enim
1614 3106 1688 3167 tu
1715 3106 1902 3165 tuum
1930 3099 2269 3185 negotium

253 3195 519 3280 gessisti
572 3194 755 3258 bene.
808 3229 896 3239 -—-
947 3191 1116 3256 Gere
1170 3194 1238 3256 et
1292 3195 1367 3257 tu
1416 3193 1603 3255 tuum
1648 3191 1829 3254 bene.
1885 3222 1972 3235 --
2025 3186 2267 3272 Magno

249 3290 321 3348 ῡυι
369 3287 556 3348 tuam
603 3278 937 3345 dimidiam
979 3283 1234 3365 partem
1282 3278 1595 3344 decidisti.
1655 3312 1730 3324 -
1790 3275 2035 3360 Magno
2074 3279 2151 3340 ⁴et
2192 3279 2269 3340 tu

167 3389 221 3430 ss
247 3375 434 3437 tuam
467 3373 729 3455 partem
766 3368 1000 3434 decide.
1047 3402 1131 3415 —-
1177 3364 1290 3431 HS
1339 3382 1626 3431 cccmoo
1672 3368 1749 3428 tu
1794 3363 2144 3428 abstulisti.
2187 3400 2265 3410 —

247 3459 298 3541 †
335 3457 406 3523 Si
439 3459 520 3522 fit
562 3457 686 3523 hoc
730 3478 903 3540 vere,
947 3452 1059 3520 HS
1106 3470 1395 3520 ccclooo
1441 3455 1516 3517 tu
1564 3474 1817 3537 quoque
1863 3451 2062 3518 aufer.
2143 3450 2269 3518 Sed

248 3546 420 3611 hanc
481 3546 872 3612 decisionem
927 3542 1123 3608 Rosci
1188 3542 1481 3608 oratione
1545 3546 1611 3607 et
1671 3540 1973 3627 opinione
2029 3561 2267 3626 augere

2306 1366 2372 1415 31

2305 2245 2370 2294 32

2293 3428 2374 3554 ἒξ

2326 3800 2423 3859 Af
